1786 3126
315 157 398 202 154
673 116 680 119 ”
739 145 1014 193 VALESII
1069 146 1299 192 NOTAE

314 265 416 308 rito.
478 259 603 313 αλως
619 265 693 317 ιιὲν
712 260 789 322 vaip
809 263 1009 318 ὑπέλαβον
1028 262 1104 310 δὲἱν
1125 263 1282 321 κτᾶαθα]
1301 260 1376 314 τοις
1397 263 1555 323 ἆρχσῖς
1545 299 1558 323 ‚
1574 251 1721 320 ἀλης

313 330 356 372 δὲ
375 325 523 384 τηρᾶν
556 328 604 371 ἐκ
623 328 780 371 ειιοιθον
798 329 864 380 δὲ,
885 323 977 372 διότι
995 325 1164 373 κοίλη-α
1184 327 1413 382 φυλάττεται
1424 325 1495 377 ni:
1514 326 1721 388 &paxae

311 395 352 435 οἱ
363 386 510 440 αοὲλιςσι
529 386 790 443 διαμείναντες
813 391 882 435 ἐπὶ
899 408 976 434 των
995 388 1123 435 αὐτων
1143 390 1428 450 προαιρέσεων,
1453 384 1517 442 οἷς
1535 388 1720 484 ἐέαρχξς
1778 432 1780 436 .

307 451 574 507 nare-vinum
595 450 665 500 ταὶς
686 449 891 503 &uvas-dac.

432 518 536 558 lbid
560 526 590 562 8.
626 512 882 573 Πεντήκοντα
902 533 971 568 2192(
991 516 1163 572 τέτταρα
1179 513 1457 573 [Boeo-elevem.)
1500 515 1620 569 Quot
1642 532 1716 561 an-

313 594 393 622 nos
415 581 607 634 regnarit
632 579 789 630 Hiero,
835 579 1054 620 Hieroclis
1079 579 1220 633 filius,
1245 581 1364 623 inter
1397 578 1593 623 auctores
1626 595 1713 624 non

312 645 532 685 conuenit.
595 642 842 685 Lucianus
831 657 875 683 ιιι
901 641 1148 695 -Longaeuis
1171 657 1234 694 70.
1255 657 1391 688 annos
1418 644 1460 685 ei
1490 644 1637 686 tribuit
1655 658 1712 689 ex

311 706 534 748 Demetrio
556 704 786 748 Calatiano.
846 695 1064 748 Pausanias
1082 705 1189 747 libro
1210 720 1244 748 2.
1268 701 1428 749 Heliae.
1443 706 1599 760 scribit,
1611 707 1714 749 Hie-

310 776 478 815 torrem
479 774 674 824 regnum
706 767 841 810 iniiffe
869 782 980 810 anno
1008 782 1043 809 2.
1076 768 1359 824 Olymp.126.
1430 768 1723 828 ltaqufacum‘

302 823 482 888 ¹Olymp.
499 834 575 881 141.
598 845 708 873 anno
730 832 867 888 primo
888 831 937 873 fit
958 839 1175 882 mortuus,
1209 831 1461 888 relinquitur
1488 846 1543 874 ex
1556 814 1714 874 Pausa-

307 896 403 936 niae
424 895 645 948 sententia,
667 904 715 936 vt
746 895 963 949 sexaginta
986 905 1121 936 anuos
1143 897 1402 950 regnauerit.
1463 894 1547 945 Sed
1574 895 1712 952 Poly-

304 956 400 999 bius
428 971 469 1007 5
479 972 644 999 ‚annos
670 957 850 999 Hieroni
874 959 1096 1000 dumtaxat
1117 959 1334 1013 attribuit,
1365 958 1437 1013 qui
1459 973 1512 1000 ex
1531 972 1645 1000 anno
1667 973 1716 1026 4.

304 1021 483 1076 Olymp
499 1033 574 1071 ¹27·
597 1021 874 1075 consurgunt.
920 1034 1005 1076 quo
1037 1034 1150 1062 anno
1185 1019 1311 1063 vistis
1339 1021 1511 1076 ingenti
1545 1003 1724 1077 praelio(

304 1085 591 1134 Mamertini5‚
602 1085 751 1134 Hiero
765 1085 935 1139 quitum
949 1092 1117 1139 praetor
1129 1082 1493 1140 Syracusanorum
1506 1092 1621 1140 erat
1629 1097 1707 1125 rex

300 1145 470 1200 publice
483 1146 539 1187 est
553 1145 768 1200 salutatus,
791 1146 979 1190 vtrefert
991 1147 1277 1202 Polybiuslib.
1293 1162 1319 1188 1.
1336 1118 1711 1211 (ιυαωςυαίᾶΒω-

302 1209 432 1248 dorus
455 1207 621 1249 Siculus
642 1209 712 1250 lib.
732 1222 789 1250 22.
811 1210 856 1249 in
875 1211 966 1250 eius
987 1209 1134 1264 praelii
1164 1209 1450 1266 descriptione
1475 1197 1710 1253 Hieronem

303 1285 449 1325 roge-m
475 1279 624 1325 ineat,
667 1270 780 1326 quafi
811 1272 895 1313 iam
925 1280 1018 1314 tum
1043 1286 1118 1313 rex
1152 1271 1265 1318 effet.
1335 1273 1551 1323 Quocirca
1579 1270 1719 1344 faofle

301 1335 491 1375 adducor
519 1343 565 1375 vt
599 1334 790 1384 credam,
813 1335 1019 1389 quosdam
1041 1348 1226 1388 regnum
1256 1333 1461 1379 Hieronis
1496 1335 1548 1378 ab
1578 1326 1710 1376 im't'i'o

297 1406 521 1453 praeturae
546 1397 741 1438 eiusdem
760 1396 1001 1451 deinfl'e,
1029 1410 1154 1452 quam
1170 1382 1361 1454 suscepit
1371 1397 1506 1439 Hiero
1536 1410 1648 1458 anno
1671 1410 1709 1442 2.

299 1458 480 1515 Olymp
501 1465 576 1501 126.
638 1459 762 1501 Certe
784 1460 911 1501 verba
936 1459 1160 1504 Pausaniae
1179 1469 1264 1502 tam
1287 1461 1340 1502 de
1361 1471 1558 1540 praetura
1579 1472 1706 1515 quam

224 1537 228 1546 ⁴
298 1523 351 1563 de
370 1537 506 1577 regno
530 1523 668 1577 accipi
686 1521 869 1578 possunt.
929 1524 1007 1564 Ait
1027 1524 1165 1574 enim,
1197 1541 1268 1579 την
1287 1521 1374 1567 δὲ’
1346 1520 1479 1580 αρχὴν
1496 1516 1608 1598 ειχεν
1626 1520 1706 1575 ἕτᾳ

296 1585 461 1642 δευτέρῳ
483 1603 551 1639 της
568 1585 683 1641 ἕκτης
705 1581 974 1637 Ὀλυμπιαδος
995 1588 1063 1628 ἐπ’)
1083 1583 1168 1634 τεᾶς
1183 1580 1302 1630 εἴκοσι
1317 1589 1387 1642 »(9ιᾷ
1409 1582 1566 1629 ἑκατὸν.
1619 1583 1708 1633 Ita-

295 1661 378 1704 que
401 1649 444 1690 in
468 1648 659 1690 Luciano
679 1649 881 1690 mendum
900 1646 982 1688 esse
1002 1657 1135 1705 puto,
1166 1662 1213 1690 ac
1234 1662 1314 1705 pro
1330 1644 1622 1705 stampinsem,
1638 1638 1707 1690 le·-

292 1711 482 1767 gendum
504 1710 585 1752 esse
605 1706 807 1767 ἑξήκοντα.

412 1775 517 1817 Ibid.
537 1787 598 1822 32.
634 1774 800 1829 Γέλων.)
834 1772 1043 1828 Intelligo
1066 1770 1302 1832 Gelonem,
1325 1772 1530 1816 Hieronis
1551 1770 1705 1829 filium,

291 1835 514 1879 Hieroclis
536 1846 755 1893 nepotem.
817 1837 950 1878 Porro
974 1837 1077 1877 haec
1099 1835 1340 1892 fragmenta
1357 1832 1423 1877 'de
1444 1834 1704 1891 Hieronymi

294 1900 476 1943 interitu
500 1898 616 1941 rene
636 1914 659 1940 a
678 1900 803 1941 nobis
822 1899 930 1943 libro
953 1912 990 1951 7.
1013 1899 1206 1954 affignari
1224 1899 1353 1941 docet
1373 1907 1503 1954 caput
1518 1899 1704 1954 primum

293 1963 390 2004 libri
408 1975 451 2013 7.
475 1963 518 2003 in
543 1976 630 2017 quo
656 1964 707 2003 de
729 1962 1043 2006 Leontinorum
1066 1962 1168 2005 vrbe
1189 1961 1355 2023 agitur,
1383 1963 1428 2004 in
1445 1975 1530 2016 ¹qua
1546 1960 1704 2005 Hiero·
1769 2003 1778 2010 .-

292 2040 356 2082 ny
360 2039 451 2067 mus
472 2039 496 2065 a
515 2026 750 2069 coniuratis
774 2027 1053 2069 obtruncatus
1075 2025 1144 2070 est.
1203 2026 1274 2069 Ad
1297 2025 1373 2067 has
1392 2025 1508 2066 enim
1518 2020 1701 2068 infidia:

285 2088 564 2144 Hieronymo
586 2085 718 2129 fafitas
738 2087 844 2131 illud
863 2098 992 2144 caput
1013 2089 1228 2167 pertinere
1252 2088 1460 2142 existimo,
1490 2086 1606 2142 quod
1626 2099 1702 2141 pa.

290 2159 352 2194 tet
373 2166 429 2193 ex
455 2150 615 2192 vltimis
637 2150 760 2208 illius·
778 2151 934 2206 capitis
958 2152 1124 2203 verbis,
1151 2169 1204 2195 ων
1229 2145 1388 2203 perago
1409 2151 1480 2207 ,(9ιᾷ
1498 2146 1561 2193 τΞ
1572 2165 1703 2203 τοτα,-

285 2234 346 2270 με
365 2210 574 2265 συμβοάνει
595 2230 663 2270 την
682 2214 962 2270 προειρημένην
980 2211 1099 2259 όῦδν”
1076 2212 1287 2284 mroe'pxew:
1347 2211 1570 2266 Intelligit
1583 2210 1700 2253 enim

289 2281 403 2320 viam
414 2276 656 2332 angustam,
676 2289 759 2331 qua
778 2276 823 2318 in
841 2276 1148 2327 forumibatur‚
1180 2275 1251 2317 cui
1272 2275 1547 2317 imminentes
1569 2274 1697 2319 aedes

289 2341 502 2383 coniurati
530 2346 868 2393 occupauerant,
899 2347 947 2382 vt
971 2340 1098 2382 docet
1138 2338 1289 2389 Liuius
1315 2337 1389 2380 lib.
1416 2351 1484 2388 24.
1554 2337 1698 2389 Quare

288 2412 403 2446 errat
430 2401 723 2451 casaubonus
759 2402 830 2455 qui
850 2402 892 2444 id
914 2409 1041 2458 caput
1061 2401 1112 2443 ad
1135 2399 1450 2445 Leontinorum
1478 2412 1698 2458 expugna-

286 2468 452 2509 tionem
471 2480 495 2506 a
515 2464 716 2508 Marcello
738 2462 833 2505 Cos.
857 2463 1009 2509 saetam
1030 2465 1088 2506 ait
1107 2465 1333 2518 pertinere.
1394 2462 1532 2518 Atqui
1553 2461 1697 2520 capite

285 2529 482 2584 sequenti
513 2526 695 2570 refertur
722 2526 876 2569 foedus
916 2527 1027 2568 inter
1058 2526 1300 2582 Philippum
1332 2533 1377 2569 et
1414 2524 1695 2571 Hannibalem

285 2591 420 2638 ictum
432 2626 444 2648 ,
477 2590 592 2646 quod
611 2590 743 2644 longe
756 2603 851 2633 eam
864 2588 1175 2634 Leontinorum
1194 2589 1695 2646 expuguationemprae-

282 2654 415 2699 ceffit.
479 2654 580 2698 Non
602 2666 708 2707 ergo
736 2652 788 2694 de
811 2651 1124 2695 Leontinorum
1154 2651 1473 2707 expugnatione
1498 2651 1567 2694 hic
1593 2662 1695 2705 age-

282 2716 354 2760 bat
382 2717 614 2774 Polybius,
638 2716 710 2761 sed
728 2715 838 2759 libro
863 2725 893 2763 8.
915 2716 1062 2772 potius
1083 2724 1130 2759 vt
1162 2715 1353 2760 arbitror.
1414 2711 1611 2755 Ceterum
1639 2711 1696 2754 il·
1762 2722 1772 2734 ··

282 2779 358 2823 lud
384 2781 512 2822 etiam
535 2779 754 2822 sciendum
776 2776 861 2835 est,
894 2777 1076 2841 primum
1098 2786 1250 2835 caput,
1274 2777 1388 2835 quod
1409 2777 1523 2820 inter
1542 2787 1695 2818 excer-
1770 2800 1774 2806 .

1619 2844 1694 2894 1³1⁸
1766 2842 1770 2894 ’,
