1786 3126
331 138 411 194 164
746 135 1021 182 vALsssn
1078 108 1308 181 NOTAE

326 255 559 312 Polybium
588 253 733 296 scribit
766 252 1017 295 Plutarchus
1051 251 1096 294 in
1125 252 1226 295 vitis
1256 252 1405 294 decem
1435 258 1656 296 oratorum
1689 263 1732 298 et

327 319 537 362 Aelianus
567 317 639 359 lib.
662 332 695 367 3.
719 318 858 359 variae
890 314 981 357 hist.
1052 315 1156 358 Erat
1186 323 1328 358 autem
1359 314 1558 358 Lachetis
1597 316 1732 371 filius,

327 380 608 425 Democharis
631 393 794 436 nepos,
817 393 931 436 pago
943 377 1297 421 Leuconoeenfis.
1357 377 1470 424 Male
1494 379 1732 434 enimapud

327 443 603 489 Plutarchum
633 445 677 485 in
704 442 952 496 Demetrio,
982 437 1223 499 Δημοχάρης
1249 443 1269 484 ὁ
1289 437 1502 491 Λακωνεύς
1527 440 1734 500 scribitur.

327 507 458 562 Apud
480 507 659 548 eundem
688 506 732 547 in
763 506 866 547 vitis
889 519 935 546 x.
961 504 1208 547 Rhetorum.
1269 499 1508 561 Δημοχάρης
1537 499 1736 561 Λάχητος

327 565 604 618 Λευκονθιεύς.
646 570 745 624 lege
775 568 1000 623 vtrobique
1032 563 1288 615 Λευκονοιεύς.
1359 565 1451 608 Iam
1490 569 1605 621 quod
1637 567 1733 610 eiu's

329 645 455 674 auum
477 631 599 687 posui
619 631 948 684 Democharem‚
979 630 1172 672 firmatur
1194 627 1452 673 auctoritate
1480 628 1735 686 Demosthe-

327 696 396 737 nis
409 728 421 748 ,
443 695 516 749 qui
536 695 580 736 in
600 702 707 738 orat.
730 702 880 737 contra
896 693 1122 749 Aphobum
1140 693 1214 748 ait,
1235 693 1407 734 amitam
1425 692 1540 734 suam
1559 687 1732 750 nuptam

327 755 449 799 suiffe
470 756 724 800 Demochari
747 755 1080 798 Leuconoeenfi.

448 833 508 870 45.
532 833 564 868 3.
598 818 658 866 To*
686 822 760 875 μὲν
789 817 1037 876 ἐπιμετρὲν.)
1081 815 1293 875 ἐπιμετρῗῖν
1323 817 1390 859 hic
1420 817 1630 874 fignificat
1666 816 1736 864 τᾶν

328 880 538 938 αὐξητικδν
556 879 683 934 λόγον.
719 897 826 938 quae
848 883 1021 938 quidem
1041 881 1314 937 amplificatio
1337 883 1589 925 conceditur
1601 883 1735 924 inter-

328 946 430 988 dum
452 945 647 987 historiae
672 947 972 1001 scriptoribus,
995 945 1122 986 modo
1143 944 1275 986 sobria
1298 943 1348 986 fit
1378 952 1423 986 et
1443 958 1543 987 cum
1571 943 1733 988 iudicio

328 1007 417 1050 fiat.
479 1007 548 1049 Sic
571 1009 692 1064 supra
712 1009 757 1050 in
778 1008 848 1051 lib.
868 1021 905 1060 7.
931 1009 1000 1049 vbi
1023 1009 1074 1048 de
1095 1014 1233 1048 morte
1252 1005 1525 1064 Hieronymi.
1558 1002 1638 1066 ἴσῳ
1655 1005 1734 1067 &lp

329 1067 378 1114 ἅν
399 1087 456 1118 τις
479 1068 738 1128 εὐλογώτερον
761 1068 828 1114 τὸν
847 1068 1131 1127 οἶνοιπληρὲντοι
1150 1066 1223 1118 τοὶς
1251 1070 1398 1126 βίβλες
1418 1073 1489 1127 ³th
1509 1066 1577 1114 τ’ὂν
1595 1076 1737 1123 ἐπιμε-

328 1129 475 1189 τρὲντα
496 1129 612 1183 λόγον
635 1130 705 1189 τῆς
727 1129 933 1190 διηγήσεως
959 1133 1012 1182 εἰς
1034 1133 1190 1190 Ἱέρωνα.
1211 1129 1386 1186 &thyon-o-
1430 1142 1474 1175 et
1492 1134 1538 1175 in
1556 1133 1642 1176 fine
1661 1134 1735 1179 lib.

331 1206 383 1243 ις.
406 1196 588 1249 opponit
608 1195 838 1251 Polybius,
871 1193 925 1251 τῷ
955 1196 1069 1252 κυρίῳ
1094 1197 1163 1255 ngq‘
1193 1193 1480 1251 συνέχοντα-τοὶ
1513 1192 1734 1256 πράγμαῆοι

329 1254 398 1300 τδν
418 1254 682 1314 ἐπιμετρῖντοι
705 1254 834 1307 λόγον.
892 1257 1037 1310 Igitur
1057 1253 1266 1314 ἐπιμετρῧν
1285 1255 1354 1314 τῆς
1384 1255 1643 1314 ἀπεχθείας,
1673 1260 1736 1303 est

329 1319 605 1375 amplificatio
625 1328 669 1362 et
691 1320 968 1374 exaggeratio
989 1317 1182 1374 profecta
1203 1320 1252 1360 ab
1273 1318 1389 1364 odio.
1448 1320 1514 1365 Vt
1543 1322 1614 1365 lib.
1637 1334 1669 1372 ς.
1691 1336 1729 1366 c.

329 1396 386 1426 ¹0.
407 1381 627 1439 ἐπιμετρῶν
655 1380 709 1439 τῷ
730 1379 862 1439 θυμῷ.

445 1443 597 1497 1b1d‚5.
630 1443 713 1501 Τῆς
725 1446 953 1502 προθέσεως
973 1442 1140 1502 αὐτῶν.)
1171 1443 1419 1501 Legendum
1431 1445 1602 1489 videtur
1621 1445 1738 1492 αὐτέ.

326 1507 552 1552 Timaeum
575 1509 690 1550 enim
707 1507 894 1562 intelligi
927 1516 1058 1563 puto,
1097 1509 1142 1549 in
1175 1521 1260 1564 quo
1293 1508 1640 1564 reprehendendo
1672 1511 1735 1554 ait

326 1569 535 1625 Polybius
563 1571 602 1611 se
624 1572 668 1612 id
689 1571 873 1625 quidem,
895 1571 1010 1626 quod
1034 1570 1163 1612 nimis
1187 1572 1378 1629 asperum
1397 1579 1441 1614 et
1471 1564 1742 1615 virulentum

328 1641 433 1685 erat,
456 1633 653 1675 consulto
675 1631 870 1686 euitasse,
891 1633 997 1674 illud
1021 1646 1123 1674 vero
1137 1666 1148 1685 ‚
1170 1634 1283 1688 quod
1304 1634 1396 1675 eius
1414 1634 1612 1678 instituto
1624 1636 1732 1678 cofi-

327 1695 571 1737 sentaneum
593 1697 889 1750 erat,minime
910 1693 1097 1737 omififl'e.
1129 1693 1250 1738 Ferri
1269 1703 1412 1738 tamen
1430 1697 1571 1751 potest
1590 1695 1734 1754 αὕτόν,
1784 1745 1786 1752 ,

325 1757 355 1799 fi
378 1758 644 1813 intelligatur
666 1759 718 1800 de
739 1759 818 1814 iis,
848 1771 955 1814 quos
979 1757 1069 1799 odii
1102 1756 1238 1800 causs'a
1256 1756 1464 1802 lacerauit
1481 1759 1526 1802 in
1544 1756 1731 1803 historiis

323 1820 540 1863 Timaeus.

440 1883 543 1925 Ibid.
567 1897 622 1934 14.
655 1880 852 1931 Τοιαύτας
863 1878 1128 1938 α’ποΦοῖσοις.)
1159 1882 1278 1926 Inter
1297 1885 1513 1938 quas'erat
1523 1882 1599 1926 illa
1616 1883 1731 1928 a‘ri-

323 1958 446 1986 maeo
467 1946 632 2000 prolata
654 1946 863 1987 sententia
878 1979 891 2002 ,
911 1945 1210 1989 Callisthenem
1230 1947 1326 1989 iure
1344 1960 1393 1988 ac
1423 1947 1579 1990 merito
1610 1947 1731 1991 occi-

322 2008 414 2051 sum
432 2009 481 2049 ab
501 2008 762 2052 Alexandro.
1693 2060 1697 2066 Ι

441 2076 506 2122 46.
530 2085 560 2112 1.
594 2067 804 2128 Καθάπερ
825 2075 867 2115 ἐν
887 2069 1128 2128 ὀξυβάφῳ.)
1161 2071 1437 2129 Prouerbium
1465 2071 1524 2115 est
1557 2071 1727 2116 eiusfi-

321 2133 445 2187 mile,
465 2133 576 2189 quod
598 2132 718 2174 latini
733 2134 903 2175 dicunt:
922 2136 1109 2176 lauream
1131 2134 1174 2175 in
1196 2133 1406 2176 mustaceo
1419 2147 1636 2188 quaerere.
1695 2139 1699 2153 ²

438 2195 541 2239 Ibid.
563 2209 618 2236 ιο.
652 2193 732 2252 Καὶ
745 2193 996 2252 Θεοφρσῖςε.)
1038 2195 1337 2252 Reprehensus
1359 2204 1451 2239 erat
1473 2197 1727 2253 Theophra-

321 2258 408 2301 stus
429 2273 453 2299 a
472 2259 674 2310 Timaeo,
706 2260 819 2312 quod
842 2259 1074 2301 Zaleucum
1103 2253 1222 2312 leges
1253 2257 1402 2300 Locris
1435 2258 1722 2316 scripfisse'di-

323 2320 458 2365 xiffet.
519 2325 577 2364 At
599 2320 828 2362 Zaleucum
851 2321 974 2364 istum
993 2321 1194 2363 Timaeus
1218 2321 1360 2363 vllum·
1378 2323 1563 2382 negabat
1588 2310 1725 2366 fuiffe.

319 2446 496 2502 epistola
515 2461 544 2488 ι.
1628 2466 1632 2469 “

434 2508 537 2551 Ibid.
558 2517 614 2554 28.
648 2503 930 2565 Ὀψοφάγον.)
982 2508 1108 2549 Hunc
1141 2507 1309 2550 Timaei
1338 2508 1483 2550 locum
1508 2502 1719 2565 intelllkit
1763 2524 1774 2555 Ἰ

317 2570 566 2613 Athenaeus
586 2571 658 2613 lib.
673 2580 706 2618 8.
724 2583 821 2611 cum
834 2571 905 2612 ait.
941 2569 1107 2623 Τίμαιος
1130 2572 1161 2613 δ’
1178 2573 1198 2614 ὁ
1217 2572 1506 2630 Ταυρομενίτης
1526 2577 1596 2631 ’wi
1613 2571 1720 2632 'Apa-
1752 2616 1760 2638 3

315 2635 455 2689 ςοτέλη
477 2634 548 2677 τόν
568 2631 787 2690 φιλόσοφον
804 2630 1016 2689 ὀψοφάγον
1039 2635 1140 2687 Φησὶ
1161 2635 1372 2688 γεγονένσᾳ.
1450 2664 1458 2673 Ἰ

432 2694 535 2739 lbid.
568 2711 623 2745 33·
657 2691 833 2752 Ἀνάγκη
873 2692 945 2751 τήν
986 2692 1225 2751 α’κόλεθον.)
1286 2695 1437 2739 Deesse
1477 2696 1549 2739 hic
1593 2697 1715 2753 quid·

314 2757 426 2811 piam
478 2772 603 2800 nemo
659 2773 746 2810 non
803 2757 929 2800 videt.
1006 2757 1103 2813 Ego
1154 2760 1216 2801 ita
1267 2759 1358 2801 sum
1407 2756 1713 2816 interpretatus
1754 2764 1765 2818 ‚⁸¹

1594 2823 1703 2878 quafi
1747 2823 1768 2871 ,2³

1784 1781 1786 1807 Ι

1784 1817 1786 1844 4

1781 2047 1786 2065 l

1763 2204 1774 2214 ο

1766 2246 1775 2258 y.

1765 2299 1772 2310 t

1739 2353 1758 2372 ae

321 2393 367 2426 vt
397 2383 538 2426 scribit
569 2383 722 2424 Cicero
751 2383 797 2425 in
819 2398 856 2425 2.
883 2385 935 2425 de
964 2384 1130 2438 legibus
1161 2391 1203 2424 et
1228 2383 1337 2426 libro
1369 2390 1406 2427 6.
1430 2386 1482 2427 ad
1509 2377 1719 2428 Atticum.
1764 2380 1776 2419 -Ῑ
