<?xml version="1.0" encoding="UTF-8"?>
<!DOCTYPE html PUBLIC "-//W3C//DTD XHTML 1.0 Transitional//EN"
    "http://www.w3.org/TR/xhtml1/DTD/xhtml1-transitional.dtd">
<html xmlns="http://www.w3.org/1999/xhtml" xml:lang="en" lang="en">
 <head>
  <title>
</title>
<meta http-equiv="Content-Type" content="text/html;charset=utf-8" />
  <meta name='ocr-system' content='tesseract 3.04.00' />
  <meta name='ocr-capabilities' content='ocr_page ocr_carea ocr_par ocr_line ocrx_word'/>
</head>
<body>
  <div class='ocr_page' id='page_1' title='image "./historiarumquaes03polyuoft_0194.png"; bbox 0 0 1786 3126; ppageno 0'>
   <div class='ocr_carea' id='block_1_1' title="bbox 277 87 1261 142">
    <p class='ocr_par' dir='ltr' id='par_1_1' title="bbox 277 87 1261 142">
     <span class='ocr_line' id='line_1_1' title="bbox 277 87 1261 142; baseline 0.001 -6"><span class='ocrx_word' id='word_1_1' title='bbox 277 93 358 142; x_wconf 77' lang='lat'>188</span> <span class='ocrx_word' id='word_1_2' title='bbox 700 87 974 135; x_wconf 85' lang='lat' dir='ltr'>VALESII</span> <span class='ocrx_word' id='word_1_3' title='bbox 1028 89 1261 137; x_wconf 86' lang='lat' dir='ltr'>NOTAE</span> 
     </span>
    </p>
   </div>
   <div class='ocr_carea' id='block_1_2' title="bbox 273 207 1671 394">
    <p class='ocr_par' dir='ltr' id='par_1_2' title="bbox 273 207 1671 394">
     <span class='ocr_line' id='line_1_2' title="bbox 275 207 1671 269; baseline 0.004 -19"><span class='ocrx_word' id='word_1_4' title='bbox 275 214 417 251; x_wconf 77' lang='lat' dir='ltr'>autem</span> <span class='ocrx_word' id='word_1_5' title='bbox 442 207 793 263; x_wconf 84' lang='lat' dir='ltr'><strong>intelligebantur</strong></span> <span class='ocrx_word' id='word_1_6' title='bbox 817 222 937 251; x_wconf 86' lang='lat' dir='ltr'>more</span> <span class='ocrx_word' id='word_1_7' title='bbox 965 215 1182 265; x_wconf 87' lang='lat' dir='ltr'>veterum,</span> <span class='ocrx_word' id='word_1_8' title='bbox 1222 210 1308 269; x_wconf 74' lang='lat' dir='ltr'>vqui</span> <span class='ocrx_word' id='word_1_9' title='bbox 1334 217 1508 269; x_wconf 70' lang='lat' dir='ltr'>centum</span> <span class='ocrx_word' id='word_1_10' title='bbox 1534 212 1671 256; x_wconf 83' lang='lat' dir='ltr'>millia</span> 
     </span>
     <span class='ocr_line' id='line_1_3' title="bbox 273 269 1670 331; baseline 0.005 -19"><span class='ocrx_word' id='word_1_11' title='bbox 273 271 320 315; x_wconf 84' lang='lat' dir='ltr'>in</span> <span class='ocrx_word' id='word_1_12' title='bbox 337 270 589 327; x_wconf 83' lang='lat' dir='ltr'>profeffione</span> <span class='ocrx_word' id='word_1_13' title='bbox 610 269 872 327; x_wconf 84' lang='lat' dir='ltr'>detuliffent,</span> <span class='ocrx_word' id='word_1_14' title='bbox 910 279 959 315; x_wconf 88' lang='lat' dir='ltr'>vt</span> <span class='ocrx_word' id='word_1_15' title='bbox 992 281 1116 316; x_wconf 87' lang='lat' dir='ltr'>notat</span> <span class='ocrx_word' id='word_1_16' title='bbox 1136 274 1347 316; x_wconf 87' lang='lat' dir='ltr'>Asconius</span> <span class='ocrx_word' id='word_1_17' title='bbox 1378 274 1423 316; x_wconf 88' lang='lat' dir='ltr'>in</span> <span class='ocrx_word' id='word_1_18' title='bbox 1451 274 1670 331; x_wconf 83' lang='lat' dir='ltr'>Verrinas‚</span> 
     </span>
     <span class='ocr_line' id='line_1_4' title="bbox 276 333 1669 394; baseline 0.002 -18"><span class='ocrx_word' id='word_1_19' title='bbox 276 334 349 390; x_wconf 91' lang='lat' dir='ltr'>qui</span> <span class='ocrx_word' id='word_1_20' title='bbox 366 344 411 376; x_wconf 90' lang='lat' dir='ltr'>et</span> <span class='ocrx_word' id='word_1_21' title='bbox 432 333 593 376; x_wconf 87' lang='lat' dir='ltr'>Claffici</span> <span class='ocrx_word' id='word_1_22' title='bbox 614 333 872 377; x_wconf 81' lang='lat' dir='ltr'>dicebantur.</span> <span class='ocrx_word' id='word_1_23' title='bbox 906 337 1038 377; x_wconf 88' lang='lat' dir='ltr'>ceteri</span> <span class='ocrx_word' id='word_1_24' title='bbox 1059 338 1131 391; x_wconf 91' lang='lat' dir='ltr'>qui</span> <span class='ocrx_word' id='word_1_25' title='bbox 1151 335 1262 378; x_wconf 87' lang='lat' dir='ltr'>infra</span> <span class='ocrx_word' id='word_1_26' title='bbox 1273 335 1441 379; x_wconf 79' lang='lat' dir='ltr'>claffem</span> <span class='ocrx_word' id='word_1_27' title='bbox 1462 345 1596 394; x_wconf 88' lang='lat' dir='ltr'>erant,</span> <span class='ocrx_word' id='word_1_28' title='bbox 1617 353 1669 380; x_wconf 88' lang='lat' dir='ltr'>ea</span> 
     </span>
    </p>
   </div>
   <div class='ocr_carea' id='block_1_3' title="bbox 272 397 1752 457">
    <p class='ocr_par' dir='ltr' id='par_1_3' title="bbox 272 397 1752 457">
     <span class='ocr_line' id='line_1_5' title="bbox 272 397 1752 457; baseline 0.003 -18"><span class='ocrx_word' id='word_1_29' title='bbox 272 397 374 451; x_wconf 89' lang='lat' dir='ltr'>lege</span> <span class='ocrx_word' id='word_1_30' title='bbox 392 412 478 439; x_wconf 90' lang='lat' dir='ltr'>non</span> <span class='ocrx_word' id='word_1_31' title='bbox 500 397 772 451; x_wconf 86' lang='lat' dir='ltr'>tenebantur,</span> <span class='ocrx_word' id='word_1_32' title='bbox 800 404 846 440; x_wconf 88' lang='lat' dir='ltr'>vt</span> <span class='ocrx_word' id='word_1_33' title='bbox 875 398 1003 440; x_wconf 89' lang='lat' dir='ltr'>docet</span> <span class='ocrx_word' id='word_1_34' title='bbox 1034 399 1089 441; x_wconf 87' lang='lat' dir='ltr'>M.</span> <span class='ocrx_word' id='word_1_35' title='bbox 1124 398 1230 441; x_wconf 90' lang='lat' dir='ltr'>Cato</span> <span class='ocrx_word' id='word_1_36' title='bbox 1259 400 1305 441; x_wconf 91' lang='lat' dir='ltr'>in</span> <span class='ocrx_word' id='word_1_37' title='bbox 1332 401 1555 456; x_wconf 83' lang='lat' dir='ltr'>oratione,</span> <span class='ocrx_word' id='word_1_38' title='bbox 1588 413 1672 457; x_wconf 70' lang='lat' dir='ltr'>qua</span> <span class='ocrx_word' id='word_1_39' title='bbox 1748 420 1752 426; x_wconf 66' lang='lat'>=</span> 
     </span>
    </p>
   </div>
   <div class='ocr_carea' id='block_1_4' title="bbox 271 459 1477 519">
    <p class='ocr_par' dir='ltr' id='par_1_4' title="bbox 271 459 1477 519">
     <span class='ocr_line' id='line_1_6' title="bbox 271 459 1477 519; baseline 0.003 -16"><span class='ocrx_word' id='word_1_40' title='bbox 271 460 416 515; x_wconf 85' lang='lat' dir='ltr'>legem</span> <span class='ocrx_word' id='word_1_41' title='bbox 436 459 677 504; x_wconf 84' lang='lat' dir='ltr'>Voconiam</span> <span class='ocrx_word' id='word_1_42' title='bbox 698 459 820 503; x_wconf 80' lang='lat' dir='ltr'>suasit</span> <span class='ocrx_word' id='word_1_43' title='bbox 838 462 950 516; x_wconf 84' lang='lat' dir='ltr'>apud</span> <span class='ocrx_word' id='word_1_44' title='bbox 961 459 1149 503; x_wconf 90' lang='lat' dir='ltr'>Gellium</span> <span class='ocrx_word' id='word_1_45' title='bbox 1174 461 1244 504; x_wconf 88' lang='lat' dir='ltr'>lib.</span> <span class='ocrx_word' id='word_1_46' title='bbox 1258 474 1296 514; x_wconf 83' lang='lat'>7.</span> <span class='ocrx_word' id='word_1_47' title='bbox 1313 476 1405 519; x_wconf 89' lang='lat' dir='ltr'>cap.</span> <span class='ocrx_word' id='word_1_48' title='bbox 1427 475 1477 511; x_wconf 84' lang='lat'>13.</span> 
     </span>
    </p>
   </div>
   <div class='ocr_carea' id='block_1_5' title="bbox 269 541 1676 981">
    <p class='ocr_par' dir='ltr' id='par_1_5' title="bbox 272 541 1673 727">
     <span class='ocr_line' id='line_1_7' title="bbox 392 541 1673 600; baseline 0.005 -16"><span class='ocrx_word' id='word_1_49' title='bbox 392 557 466 592; x_wconf 83' lang='lat'><em>123.</em></span> <span class='ocrx_word' id='word_1_50' title='bbox 487 557 541 591; x_wconf 84' lang='lat'>33·</span> <span class='ocrx_word' id='word_1_51' title='bbox 585 541 889 600; x_wconf 76' lang='grc' dir='ltr'>Χαιρετισμές.)</span> <span class='ocrx_word' id='word_1_52' title='bbox 951 544 1232 588; x_wconf 84' lang='lat' dir='ltr'>Salutationes</span> <span class='ocrx_word' id='word_1_53' title='bbox 1271 547 1392 591; x_wconf 90' lang='lat' dir='ltr'>verti.</span> <span class='ocrx_word' id='word_1_54' title='bbox 1440 545 1673 590; x_wconf 68' lang='lat' dir='ltr'>deduetum</span> 
     </span>
     <span class='ocr_line' id='line_1_8' title="bbox 274 604 1673 667; baseline 0.003 -19"><span class='ocrx_word' id='word_1_55' title='bbox 274 606 393 648; x_wconf 86' lang='lat' dir='ltr'>enim</span> <span class='ocrx_word' id='word_1_56' title='bbox 411 604 493 649; x_wconf 75' lang='grc' dir='ltr'>οἰπδ</span> <span class='ocrx_word' id='word_1_57' title='bbox 513 604 561 650; x_wconf 70' lang='lat' dir='ltr'>ri}</span> <span class='ocrx_word' id='word_1_58' title='bbox 589 604 709 663; x_wconf 67' lang='grc' dir='ltr'>χαῖρε</span> <span class='ocrx_word' id='word_1_59' title='bbox 741 607 784 647; x_wconf 93' lang='lat' dir='ltr'>id</span> <span class='ocrx_word' id='word_1_60' title='bbox 813 607 1070 650; x_wconf 87' lang='lat' dir='ltr'>vocabulum</span> <span class='ocrx_word' id='word_1_61' title='bbox 1091 608 1173 651; x_wconf 83' lang='lat' dir='ltr'>effe</span> <span class='ocrx_word' id='word_1_62' title='bbox 1197 610 1447 653; x_wconf 81' lang='lat' dir='ltr'>existimaui.</span> <span class='ocrx_word' id='word_1_63' title='bbox 1490 609 1673 667; x_wconf 86' lang='lat' dir='ltr'>prehen-</span> 
     </span>
     <span class='ocr_line' id='line_1_9' title="bbox 272 669 1007 727; baseline 0.001 -15"><span class='ocrx_word' id='word_1_64' title='bbox 272 669 412 712; x_wconf 89' lang='lat' dir='ltr'>fiones</span> <span class='ocrx_word' id='word_1_65' title='bbox 431 671 559 712; x_wconf 88' lang='lat' dir='ltr'>etiam</span> <span class='ocrx_word' id='word_1_66' title='bbox 580 670 847 724; x_wconf 89' lang='lat' dir='ltr'>interpretari</span> <span class='ocrx_word' id='word_1_67' title='bbox 866 669 1007 727; x_wconf 88' lang='lat' dir='ltr'>poflis.</span> 
     </span>
    </p>

    <p class='ocr_par' dir='ltr' id='par_1_6' title="bbox 269 732 1676 981">
     <span class='ocr_line' id='line_1_10' title="bbox 392 732 1673 792; baseline 0.002 -19"><span class='ocrx_word' id='word_1_68' title='bbox 392 732 498 774; x_wconf 87' lang='lat' dir='ltr'>Ibid.</span> <span class='ocrx_word' id='word_1_69' title='bbox 523 743 576 782; x_wconf 83' lang='lat'>38.</span> <span class='ocrx_word' id='word_1_70' title='bbox 610 732 705 775; x_wconf 60' lang='lat' dir='ltr'>’Em‘</span> <span class='ocrx_word' id='word_1_71' title='bbox 723 750 807 782; x_wconf 68' lang='grc' dir='ltr'>ταας</span> <span class='ocrx_word' id='word_1_72' title='bbox 826 733 1065 789; x_wconf 76' lang='grc' dir='ltr'><strong><em>κυνηγεσίαις</em></strong></span> <span class='ocrx_word' id='word_1_73' title='bbox 1088 734 1246 792; x_wconf 76' lang='grc' dir='ltr'>οἶναςρ.)</span> <span class='ocrx_word' id='word_1_74' title='bbox 1295 734 1398 778; x_wconf 84' lang='lat' dir='ltr'>Fuit</span> <span class='ocrx_word' id='word_1_75' title='bbox 1425 734 1571 792; x_wconf 83' lang='lat' dir='ltr'><strong>Scipio</strong></span> <span class='ocrx_word' id='word_1_76' title='bbox 1598 749 1673 777; x_wconf 89' lang='lat' dir='ltr'>ve-</span> 
     </span>
     <span class='ocr_line' id='line_1_11' title="bbox 271 793 1674 868; baseline 0.002 -31"><span class='ocrx_word' id='word_1_77' title='bbox 271 796 440 837; x_wconf 85' lang='lat' dir='ltr'>nationi</span> <span class='ocrx_word' id='word_1_78' title='bbox 460 793 693 850; x_wconf 58' lang='lat' dir='ltr'>addictior,</span> <span class='ocrx_word' id='word_1_79' title='bbox 724 795 838 852; x_wconf 91' lang='lat' dir='ltr'>quod</span> <span class='ocrx_word' id='word_1_80' title='bbox 857 796 984 838; x_wconf 91' lang='lat' dir='ltr'>docet</span> <span class='ocrx_word' id='word_1_81' title='bbox 1005 796 1233 868; x_wconf 87' lang='lat' dir='ltr'>Polybius</span> <span class='ocrx_word' id='word_1_82' title='bbox 1235 799 1279 839; x_wconf 90' lang='lat' dir='ltr'>in</span> <span class='ocrx_word' id='word_1_83' title='bbox 1300 797 1540 853; x_wconf 87' lang='lat' dir='ltr'>fragmento</span> <span class='ocrx_word' id='word_1_84' title='bbox 1561 797 1674 855; x_wconf 81' lang='lat' dir='ltr'>apud</span> 
     </span>
     <span class='ocr_line' id='line_1_12' title="bbox 269 854 1676 933; baseline 0.004 -35"><span class='ocrx_word' id='word_1_85' title='bbox 269 854 556 902; x_wconf 70' lang='lat' dir='ltr'>Suidam25102</span> <span class='ocrx_word' id='word_1_86' title='bbox 577 854 654 933; x_wconf 57' lang='grc' dir='ltr'>’γ’,αιῖρΙ</span> <span class='ocrx_word' id='word_1_87' title='bbox 675 856 745 914; x_wconf 75' lang='grc' dir='ltr'>τήν</span> <span class='ocrx_word' id='word_1_88' title='bbox 767 859 1069 916; x_wconf 61' lang='grc' dir='ltr'>ὑπερβάλωσιν</span> <span class='ocrx_word' id='word_1_89' title='bbox 1097 860 1164 903; x_wconf 72' lang='grc' dir='ltr'>ἐπὶ</span> <span class='ocrx_word' id='word_1_90' title='bbox 1183 858 1277 904; x_wconf 59' lang='lat' dir='ltr'>‘rga-o</span> <span class='ocrx_word' id='word_1_91' title='bbox 1301 877 1346 904; x_wconf 77' lang='grc' dir='ltr'>το</span> <span class='ocrx_word' id='word_1_92' title='bbox 1380 863 1497 919; x_wconf 78' lang='grc' dir='ltr'><strong><em>μέρος</em></strong></span> <span class='ocrx_word' id='word_1_93' title='bbox 1527 863 1676 906; x_wconf 53' lang='lat' dir='ltr'>§mav-</span> 
     </span>
     <span class='ocr_line' id='line_1_13' title="bbox 271 915 1675 981; baseline 0.004 -19"><span class='ocrx_word' id='word_1_94' title='bbox 271 918 367 974; x_wconf 64' lang='grc' dir='ltr'>μίαν</span> <span class='ocrx_word' id='word_1_95' title='bbox 398 915 443 976; x_wconf 82' lang='grc' dir='ltr'>ην</span> <span class='ocrx_word' id='word_1_96' title='bbox 472 921 571 976; x_wconf 74' lang='grc' dir='ltr'>ὑπὲρ</span> <span class='ocrx_word' id='word_1_97' title='bbox 602 918 700 962; x_wconf 65' lang='lat' dir='ltr'>adra</span> <span class='ocrx_word' id='word_1_98' title='bbox 723 917 927 980; x_wconf 71' lang='grc' dir='ltr'>διοῖληψις,</span> <span class='ocrx_word' id='word_1_99' title='bbox 969 921 1019 971; x_wconf 75' lang='grc' dir='ltr'>ὥς</span> <span class='ocrx_word' id='word_1_100' title='bbox 1047 922 1135 966; x_wconf 72' lang='grc' dir='ltr'><em>ἐδὲν</em></span> <span class='ocrx_word' id='word_1_101' title='bbox 1162 920 1457 981; x_wconf 71' lang='grc' dir='ltr'><strong><em>πρεργιοάτερον</em></strong></span> <span class='ocrx_word' id='word_1_102' title='bbox 1486 924 1675 977; x_wconf 56' lang='lat' dir='ltr'>’retenire</span> 
     </span>
    </p>
   </div>
   <div class='ocr_carea' id='block_1_6' title="bbox 203 979 1674 1043">
    <p class='ocr_par' dir='ltr' id='par_1_7' title="bbox 203 979 1674 1043">
     <span class='ocr_line' id='line_1_14' title="bbox 203 979 1674 1043; baseline 0.002 -18"><span class='ocrx_word' id='word_1_103' title='bbox 203 1000 206 1002; x_wconf 87' lang='lat'>·</span> <span class='ocrx_word' id='word_1_104' title='bbox 270 979 377 1026; x_wconf 72' lang='grc' dir='ltr'><em>κατ-σὲ</em></span> <span class='ocrx_word' id='word_1_105' title='bbox 397 1000 466 1025; x_wconf 75' lang='grc' dir='ltr'>τον</span> <span class='ocrx_word' id='word_1_106' title='bbox 485 983 572 1036; x_wconf 73' lang='grc' dir='ltr'><em>βίον</em></span> <span class='ocrx_word' id='word_1_107' title='bbox 593 981 639 1026; x_wconf 71' lang='grc' dir='ltr'><strong>τὲ</strong></span> <span class='ocrx_word' id='word_1_108' title='bbox 659 981 894 1040; x_wconf 63' lang='lat' dir='ltr'>nonme-r..</span> <span class='ocrx_word' id='word_1_109' title='bbox 928 998 1034 1040; x_wconf 91' lang='lat' dir='ltr'>quae</span> <span class='ocrx_word' id='word_1_110' title='bbox 1054 986 1106 1026; x_wconf 90' lang='lat' dir='ltr'>de</span> <span class='ocrx_word' id='word_1_111' title='bbox 1126 985 1328 1043; x_wconf 85' lang='lat' dir='ltr'><strong>Scipione</strong></span> <span class='ocrx_word' id='word_1_112' title='bbox 1362 987 1448 1029; x_wconf 92' lang='lat' dir='ltr'>dici</span> <span class='ocrx_word' id='word_1_113' title='bbox 1476 987 1674 1042; x_wconf 85' lang='lat' dir='ltr'>equidem</span> 
     </span>
    </p>
   </div>
   <div class='ocr_carea' id='block_1_7' title="bbox 270 1044 1675 1229">
    <p class='ocr_par' dir='ltr' id='par_1_8' title="bbox 270 1044 1675 1229">
     <span class='ocr_line' id='line_1_15' title="bbox 270 1044 1674 1106; baseline 0.002 -19"><span class='ocrx_word' id='word_1_114' title='bbox 270 1058 362 1087; x_wconf 82' lang='lat' dir='ltr'>non</span> <span class='ocrx_word' id='word_1_115' title='bbox 384 1045 544 1087; x_wconf 87' lang='lat' dir='ltr'>dubito.</span> <span class='ocrx_word' id='word_1_116' title='bbox 606 1044 801 1101; x_wconf 92' lang='lat' dir='ltr'>Eumque</span> <span class='ocrx_word' id='word_1_117' title='bbox 821 1047 871 1087; x_wconf 87' lang='lat' dir='ltr'>ad</span> <span class='ocrx_word' id='word_1_118' title='bbox 892 1047 973 1089; x_wconf 92' lang='lat' dir='ltr'>hoc</span> <span class='ocrx_word' id='word_1_119' title='bbox 995 1048 1175 1090; x_wconf 88' lang='lat' dir='ltr'>studium</span> <span class='ocrx_word' id='word_1_120' title='bbox 1195 1049 1285 1105; x_wconf 85' lang='lat' dir='ltr'>ipse</span> <span class='ocrx_word' id='word_1_121' title='bbox 1306 1049 1512 1106; x_wconf 88' lang='lat' dir='ltr'><strong>Polybius</strong></span> <span class='ocrx_word' id='word_1_122' title='bbox 1533 1049 1674 1106; x_wconf 89' lang='lat' dir='ltr'>pluri-</span> 
     </span>
     <span class='ocr_line' id='line_1_16' title="bbox 272 1106 1675 1164; baseline 0.004 -15"><span class='ocrx_word' id='word_1_123' title='bbox 272 1120 390 1149; x_wconf 82' lang='lat' dir='ltr'>mum</span> <span class='ocrx_word' id='word_1_124' title='bbox 414 1106 642 1162; x_wconf 88' lang='lat' dir='ltr'>incitabat,</span> <span class='ocrx_word' id='word_1_125' title='bbox 687 1109 757 1164; x_wconf 91' lang='lat' dir='ltr'>qui</span> <span class='ocrx_word' id='word_1_126' title='bbox 785 1109 901 1150; x_wconf 89' lang='lat' dir='ltr'>suum</span> <span class='ocrx_word' id='word_1_127' title='bbox 934 1111 1045 1151; x_wconf 85' lang='lat' dir='ltr'>circa</span> <span class='ocrx_word' id='word_1_128' title='bbox 1071 1113 1338 1154; x_wconf 89' lang='lat' dir='ltr'>venationem</span> <span class='ocrx_word' id='word_1_129' title='bbox 1364 1112 1548 1154; x_wconf 85' lang='lat' dir='ltr'>studium</span> <span class='ocrx_word' id='word_1_130' title='bbox 1580 1119 1675 1154; x_wconf 85' lang='lat' dir='ltr'>tum</span> 
     </span>
     <span class='ocr_line' id='line_1_17' title="bbox 271 1168 1459 1229; baseline 0.006 -19"><span class='ocrx_word' id='word_1_131' title='bbox 271 1168 358 1212; x_wconf 88' lang='lat' dir='ltr'>hoc</span> <span class='ocrx_word' id='word_1_132' title='bbox 379 1168 502 1225; x_wconf 90' lang='lat' dir='ltr'>loco,</span> <span class='ocrx_word' id='word_1_133' title='bbox 530 1176 622 1211; x_wconf 90' lang='lat' dir='ltr'>tum</span> <span class='ocrx_word' id='word_1_134' title='bbox 651 1170 697 1212; x_wconf 91' lang='lat' dir='ltr'>in</span> <span class='ocrx_word' id='word_1_135' title='bbox 721 1184 810 1227; x_wconf 87' lang='lat' dir='ltr'>cap.</span> <span class='ocrx_word' id='word_1_136' title='bbox 834 1186 910 1222; x_wconf 84' lang='lat'>1¹4·</span> <span class='ocrx_word' id='word_1_137' title='bbox 927 1171 1057 1226; x_wconf 89' lang='lat' dir='ltr'>legat.</span> <span class='ocrx_word' id='word_1_138' title='bbox 1083 1174 1271 1229; x_wconf 86' lang='lat' dir='ltr'>ingenue</span> <span class='ocrx_word' id='word_1_139' title='bbox 1287 1174 1459 1218; x_wconf 85' lang='lat' dir='ltr'>fatetur.</span> 
     </span>
    </p>
   </div>
   <div class='ocr_carea' id='block_1_8' title="bbox 270 1249 1738 1879">
    <p class='ocr_par' dir='ltr' id='par_1_9' title="bbox 270 1249 1738 1484">
     <span class='ocr_line' id='line_1_18' title="bbox 393 1249 1675 1310; baseline 0.005 -17"><span class='ocrx_word' id='word_1_140' title='bbox 393 1265 467 1303; x_wconf 76' lang='grc' dir='ltr'>ης.</span> <span class='ocrx_word' id='word_1_141' title='bbox 489 1267 518 1301; x_wconf 80' lang='lat'>3.</span> <span class='ocrx_word' id='word_1_142' title='bbox 551 1250 636 1310; x_wconf 73' lang='grc' dir='ltr'>Τῆς</span> <span class='ocrx_word' id='word_1_143' title='bbox 655 1252 831 1307; x_wconf 71' lang='grc' dir='ltr'><em>ἐμφυλῖε</em></span> <span class='ocrx_word' id='word_1_144' title='bbox 849 1249 1038 1310; x_wconf 59' lang='lat' dir='ltr'>sicem.)</span> <span class='ocrx_word' id='word_1_145' title='bbox 1069 1257 1211 1299; x_wconf 86' lang='lat' dir='ltr'>Huius</span> <span class='ocrx_word' id='word_1_146' title='bbox 1222 1258 1407 1301; x_wconf 88' lang='lat' dir='ltr'>intestini</span> <span class='ocrx_word' id='word_1_147' title='bbox 1417 1259 1530 1302; x_wconf 85' lang='lat' dir='ltr'>inter</span> <span class='ocrx_word' id='word_1_148' title='bbox 1539 1257 1675 1301; x_wconf 85' lang='lat' dir='ltr'>Aeto-</span> 
     </span>
     <span class='ocr_line' id='line_1_19' title="bbox 274 1316 1677 1376; baseline 0.003 -17"><span class='ocrx_word' id='word_1_149' title='bbox 274 1316 344 1360; x_wconf 80' lang='lat' dir='ltr'>los</span> <span class='ocrx_word' id='word_1_150' title='bbox 363 1316 467 1358; x_wconf 86' lang='lat' dir='ltr'>belli</span> <span class='ocrx_word' id='word_1_151' title='bbox 486 1317 680 1358; x_wconf 83' lang='lat' dir='ltr'>meminit</span> <span class='ocrx_word' id='word_1_152' title='bbox 702 1316 852 1359; x_wconf 88' lang='lat' dir='ltr'>Liuius</span> <span class='ocrx_word' id='word_1_153' title='bbox 872 1317 943 1359; x_wconf 85' lang='lat' dir='ltr'>lib.</span> <span class='ocrx_word' id='word_1_154' title='bbox 966 1330 1028 1367; x_wconf 78' lang='lat'>43.</span> <span class='ocrx_word' id='word_1_155' title='bbox 1050 1319 1116 1360; x_wconf 92' lang='lat' dir='ltr'>vbi</span> <span class='ocrx_word' id='word_1_156' title='bbox 1149 1331 1229 1369; x_wconf 74' lang='lat'>350.</span> <span class='ocrx_word' id='word_1_157' title='bbox 1257 1321 1473 1376; x_wconf 87' lang='lat' dir='ltr'>principes</span> <span class='ocrx_word' id='word_1_158' title='bbox 1493 1320 1677 1363; x_wconf 90' lang='lat' dir='ltr'>Aetolo-</span> 
     </span>
     <span class='ocr_line' id='line_1_20' title="bbox 271 1378 1738 1440; baseline 0.003 -19"><span class='ocrx_word' id='word_1_159' title='bbox 271 1391 370 1421; x_wconf 87' lang='lat' dir='ltr'>rum</span> <span class='ocrx_word' id='word_1_160' title='bbox 388 1381 437 1422; x_wconf 92' lang='lat' dir='ltr'>ab</span> <span class='ocrx_word' id='word_1_161' title='bbox 459 1378 645 1435; x_wconf 83' lang='lat' dir='ltr'>Lycisco</span> <span class='ocrx_word' id='word_1_162' title='bbox 668 1386 710 1421; x_wconf 91' lang='lat' dir='ltr'>et</span> <span class='ocrx_word' id='word_1_163' title='bbox 731 1378 906 1435; x_wconf 88' lang='lat' dir='ltr'>Tifippo</span> <span class='ocrx_word' id='word_1_164' title='bbox 930 1379 1092 1423; x_wconf 86' lang='lat' dir='ltr'>auxilio</span> <span class='ocrx_word' id='word_1_165' title='bbox 1116 1381 1239 1425; x_wconf 89' lang='lat' dir='ltr'>Rom.</span> <span class='ocrx_word' id='word_1_166' title='bbox 1261 1383 1446 1426; x_wconf 83' lang='lat' dir='ltr'>militum</span> <span class='ocrx_word' id='word_1_167' title='bbox 1467 1383 1619 1440; x_wconf 73' lang='lat' dir='ltr'>captos</span> <span class='ocrx_word' id='word_1_168' title='bbox 1631 1389 1684 1426; x_wconf 78' lang='lat' dir='ltr'>et</span> <span class='ocrx_word' id='word_1_169' title='bbox 1732 1402 1738 1409; x_wconf 90' lang='lat'><strong>·</strong></span> 
     </span>
     <span class='ocr_line' id='line_1_21' title="bbox 270 1439 717 1484; baseline -0.002 -1"><span class='ocrx_word' id='word_1_170' title='bbox 270 1440 525 1484; x_wconf 70' lang='lat' dir='ltr'>interfe&amp;0s</span> <span class='ocrx_word' id='word_1_171' title='bbox 547 1439 628 1481; x_wconf 79' lang='lat' dir='ltr'>effe</span> <span class='ocrx_word' id='word_1_172' title='bbox 648 1442 717 1483; x_wconf 87' lang='lat' dir='ltr'>ait.</span> 
     </span>
    </p>

    <p class='ocr_par' dir='ltr' id='par_1_10' title="bbox 270 1503 1676 1879">
     <span class='ocr_line' id='line_1_22' title="bbox 390 1503 1676 1567; baseline 0.006 -20"><span class='ocrx_word' id='word_1_173' title='bbox 390 1504 496 1547; x_wconf 91' lang='lat' dir='ltr'>Ibid.</span> <span class='ocrx_word' id='word_1_174' title='bbox 520 1515 553 1552; x_wconf 82' lang='lat'>5.</span> <span class='ocrx_word' id='word_1_175' title='bbox 587 1504 807 1547; x_wconf 75' lang='grc' dir='ltr'>Μυασίππε</span> <span class='ocrx_word' id='word_1_176' title='bbox 826 1503 1065 1562; x_wconf 71' lang='grc' dir='ltr'>Κορωναίε.)</span> <span class='ocrx_word' id='word_1_177' title='bbox 1108 1507 1158 1549; x_wconf 88' lang='lat' dir='ltr'>In</span> <span class='ocrx_word' id='word_1_178' title='bbox 1178 1508 1411 1563; x_wconf 84' lang='lat' dir='ltr'>exemplari</span> <span class='ocrx_word' id='word_1_179' title='bbox 1430 1515 1522 1552; x_wconf 85' lang='lat' dir='ltr'>erat</span> <span class='ocrx_word' id='word_1_180' title='bbox 1540 1510 1676 1567; x_wconf 65' lang='lat' dir='ltr'>Kapu-</span> 
     </span>
     <span class='ocr_line' id='line_1_23' title="bbox 270 1560 1676 1626; baseline 0.001 -15"><span class='ocrx_word' id='word_1_181' title='bbox 270 1560 359 1612; x_wconf 70' lang='lat' dir='ltr'>vou&#39;e</span> <span class='ocrx_word' id='word_1_182' title='bbox 374 1598 386 1621; x_wconf 90' lang='lat'>,</span> <span class='ocrx_word' id='word_1_183' title='bbox 421 1567 535 1622; x_wconf 90' lang='lat' dir='ltr'>quod</span> <span class='ocrx_word' id='word_1_184' title='bbox 559 1567 897 1609; x_wconf 87' lang='lat' dir='ltr'>emendauimus.</span> <span class='ocrx_word' id='word_1_185' title='bbox 932 1567 1070 1610; x_wconf 91' lang='lat' dir='ltr'>Huius</span> <span class='ocrx_word' id='word_1_186' title='bbox 1091 1570 1293 1626; x_wconf 89' lang='lat' dir='ltr'>Mnafippi</span> <span class='ocrx_word' id='word_1_187' title='bbox 1314 1571 1469 1614; x_wconf 88' lang='lat' dir='ltr'>Boeoti</span> <span class='ocrx_word' id='word_1_188' title='bbox 1488 1579 1533 1612; x_wconf 90' lang='lat' dir='ltr'>et</span> <span class='ocrx_word' id='word_1_189' title='bbox 1543 1571 1676 1614; x_wconf 87' lang='lat' dir='ltr'>Chre-</span> 
     </span>
     <span class='ocr_line' id='line_1_24' title="bbox 272 1628 1674 1687; baseline 0.004 -16"><span class='ocrx_word' id='word_1_190' title='bbox 272 1638 413 1671; x_wconf 85' lang='lat' dir='ltr'>matae</span> <span class='ocrx_word' id='word_1_191' title='bbox 453 1628 712 1683; x_wconf 88' lang='lat' dir='ltr'>Acarnanis,</span> <span class='ocrx_word' id='word_1_192' title='bbox 765 1631 835 1684; x_wconf 92' lang='lat' dir='ltr'>qui</span> <span class='ocrx_word' id='word_1_193' title='bbox 864 1630 1084 1686; x_wconf 85' lang='lat' dir='ltr'>praecipui</span> <span class='ocrx_word' id='word_1_194' title='bbox 1117 1633 1298 1687; x_wconf 89' lang='lat' dir='ltr'>partium</span> <span class='ocrx_word' id='word_1_195' title='bbox 1335 1633 1458 1677; x_wconf 87' lang='lat' dir='ltr'>Rom.</span> <span class='ocrx_word' id='word_1_196' title='bbox 1483 1633 1674 1677; x_wconf 82' lang='lat' dir='ltr'>fautores</span> 
     </span>
     <span class='ocr_line' id='line_1_25' title="bbox 273 1691 1674 1752; baseline 0.003 -19"><span class='ocrx_word' id='word_1_197' title='bbox 273 1699 420 1745; x_wconf 86' lang='lat' dir='ltr'>erant,</span> <span class='ocrx_word' id='word_1_198' title='bbox 452 1692 645 1733; x_wconf 84' lang='lat' dir='ltr'>meminit</span> <span class='ocrx_word' id='word_1_199' title='bbox 666 1691 872 1748; x_wconf 88' lang='lat' dir='ltr'>Polybius</span> <span class='ocrx_word' id='word_1_200' title='bbox 894 1706 982 1747; x_wconf 84' lang='lat' dir='ltr'>cap.</span> <span class='ocrx_word' id='word_1_201' title='bbox 1004 1705 1069 1743; x_wconf 82' lang='lat'>94.</span> <span class='ocrx_word' id='word_1_202' title='bbox 1093 1695 1224 1749; x_wconf 87' lang='lat' dir='ltr'>legat.</span> <span class='ocrx_word' id='word_1_203' title='bbox 1258 1695 1327 1736; x_wconf 88' lang='lat' dir='ltr'>vbi</span> <span class='ocrx_word' id='word_1_204' title='bbox 1349 1696 1504 1752; x_wconf 75' lang='grc' dir='ltr'><strong><em>χρέμης</em></strong></span> <span class='ocrx_word' id='word_1_205' title='bbox 1530 1696 1674 1738; x_wconf 87' lang='lat' dir='ltr'>scribi-</span> 
     </span>
     <span class='ocr_line' id='line_1_26' title="bbox 273 1753 1671 1814; baseline 0.004 -18"><span class='ocrx_word' id='word_1_206' title='bbox 273 1761 367 1807; x_wconf 82' lang='lat' dir='ltr'>tur,</span> <span class='ocrx_word' id='word_1_207' title='bbox 390 1767 468 1809; x_wconf 89' lang='lat' dir='ltr'>pro</span> <span class='ocrx_word' id='word_1_208' title='bbox 491 1753 728 1809; x_wconf 67' lang='grc' dir='ltr'><em>χρεμάτας,</em></span> <span class='ocrx_word' id='word_1_209' title='bbox 760 1756 900 1796; x_wconf 87' lang='lat' dir='ltr'>minus</span> <span class='ocrx_word' id='word_1_210' title='bbox 921 1754 1037 1797; x_wconf 65' lang='lat' dir='ltr'>recte</span> <span class='ocrx_word' id='word_1_211' title='bbox 1058 1765 1104 1798; x_wconf 91' lang='lat' dir='ltr'>vt</span> <span class='ocrx_word' id='word_1_212' title='bbox 1121 1765 1240 1811; x_wconf 84' lang='lat' dir='ltr'>pute.</span> <span class='ocrx_word' id='word_1_213' title='bbox 1302 1757 1411 1800; x_wconf 85' lang='lat' dir='ltr'>Sane</span> <span class='ocrx_word' id='word_1_214' title='bbox 1433 1758 1480 1801; x_wconf 87' lang='lat' dir='ltr'>in</span> <span class='ocrx_word' id='word_1_215' title='bbox 1498 1772 1589 1814; x_wconf 83' lang='lat' dir='ltr'>cap.</span> <span class='ocrx_word' id='word_1_216' title='bbox 1610 1771 1671 1811; x_wconf 79' lang='lat'>73.</span> 
     </span>
     <span class='ocr_line' id='line_1_27' title="bbox 272 1816 1400 1879; baseline 0.005 -21"><span class='ocrx_word' id='word_1_217' title='bbox 272 1816 403 1871; x_wconf 88' lang='lat' dir='ltr'>legat.</span> <span class='ocrx_word' id='word_1_218' title='bbox 420 1817 591 1873; x_wconf 77' lang='grc' dir='ltr'><em>χρεμίας</em></span> <span class='ocrx_word' id='word_1_219' title='bbox 612 1818 769 1860; x_wconf 87' lang='lat' dir='ltr'>dicitur</span> <span class='ocrx_word' id='word_1_220' title='bbox 789 1818 834 1859; x_wconf 90' lang='lat' dir='ltr'>in</span> <span class='ocrx_word' id='word_1_221' title='bbox 854 1817 925 1861; x_wconf 89' lang='lat' dir='ltr'>ms.</span> <span class='ocrx_word' id='word_1_222' title='bbox 946 1818 1050 1860; x_wconf 87' lang='lat' dir='ltr'>teste</span> <span class='ocrx_word' id='word_1_223' title='bbox 1063 1818 1217 1861; x_wconf 90' lang='lat' dir='ltr'>Fuluio</span> <span class='ocrx_word' id='word_1_224' title='bbox 1231 1819 1400 1879; x_wconf 82' lang='lat' dir='ltr'>Vrfino.</span> 
     </span>
    </p>
   </div>
   <div class='ocr_carea' id='block_1_9' title="bbox 274 1897 1745 2649">
    <p class='ocr_par' dir='ltr' id='par_1_11' title="bbox 274 1897 1679 2320">
     <span class='ocr_line' id='line_1_28' title="bbox 391 1897 1676 1960; baseline 0.006 -20"><span class='ocrx_word' id='word_1_225' title='bbox 391 1898 497 1941; x_wconf 87' lang='lat' dir='ltr'>Ibid.</span> <span class='ocrx_word' id='word_1_226' title='bbox 520 1912 577 1948; x_wconf 83' lang='lat'>23.</span> <span class='ocrx_word' id='word_1_227' title='bbox 600 1897 697 1945; x_wconf 73' lang='lat' dir='ltr'>“Ort</span> <span class='ocrx_word' id='word_1_228' title='bbox 717 1898 822 1954; x_wconf 75' lang='grc' dir='ltr'>μετοὶ</span> <span class='ocrx_word' id='word_1_229' title='bbox 842 1898 887 1944; x_wconf 64' lang='lat' dir='ltr'>ra</span> <span class='ocrx_word' id='word_1_230' title='bbox 907 1901 1170 1959; x_wconf 56' lang='grc' dir='ltr'>καταπράττῃ.)</span> <span class='ocrx_word' id='word_1_231' title='bbox 1211 1902 1263 1944; x_wconf 91' lang='lat' dir='ltr'>Id</span> <span class='ocrx_word' id='word_1_232' title='bbox 1286 1913 1415 1960; x_wconf 88' lang='lat' dir='ltr'>caput</span> <span class='ocrx_word' id='word_1_233' title='bbox 1431 1918 1532 1948; x_wconf 83' lang='lat' dir='ltr'>cum</span> <span class='ocrx_word' id='word_1_234' title='bbox 1552 1904 1676 1960; x_wconf 84' lang='lat' dir='ltr'>supe-</span> 
     </span>
     <span class='ocr_line' id='line_1_29' title="bbox 276 1962 1676 2017; baseline 0.003 -11"><span class='ocrx_word' id='word_1_235' title='bbox 276 1962 382 2006; x_wconf 87' lang='lat' dir='ltr'>riori</span> <span class='ocrx_word' id='word_1_236' title='bbox 404 1963 526 2016; x_wconf 87' lang='lat' dir='ltr'>iungi</span> <span class='ocrx_word' id='word_1_237' title='bbox 550 1962 698 2017; x_wconf 90' lang='lat' dir='ltr'>debet,</span> <span class='ocrx_word' id='word_1_238' title='bbox 733 1972 779 2006; x_wconf 91' lang='lat' dir='ltr'>vt</span> <span class='ocrx_word' id='word_1_239' title='bbox 802 1964 903 2006; x_wconf 86' lang='lat' dir='ltr'>satis</span> <span class='ocrx_word' id='word_1_240' title='bbox 925 1965 1085 2006; x_wconf 84' lang='lat' dir='ltr'>clarum</span> <span class='ocrx_word' id='word_1_241' title='bbox 1109 1966 1180 2008; x_wconf 85' lang='lat' dir='ltr'>est.</span> <span class='ocrx_word' id='word_1_242' title='bbox 1241 1967 1380 2010; x_wconf 88' lang='lat' dir='ltr'>Prima</span> <span class='ocrx_word' id='word_1_243' title='bbox 1414 1967 1536 2009; x_wconf 89' lang='lat' dir='ltr'>verba</span> <span class='ocrx_word' id='word_1_244' title='bbox 1557 1981 1676 2010; x_wconf 85' lang='lat' dir='ltr'>men-</span> 
     </span>
     <span class='ocr_line' id='line_1_30' title="bbox 275 2026 1677 2084; baseline 0.004 -17"><span class='ocrx_word' id='word_1_245' title='bbox 275 2026 331 2067; x_wconf 91' lang='lat' dir='ltr'>do</span> <span class='ocrx_word' id='word_1_246' title='bbox 353 2038 440 2067; x_wconf 91' lang='lat' dir='ltr'>non</span> <span class='ocrx_word' id='word_1_247' title='bbox 460 2033 606 2068; x_wconf 83' lang='lat' dir='ltr'>carent</span> <span class='ocrx_word' id='word_1_248' title='bbox 621 2058 632 2079; x_wconf 96' lang='lat'>,</span> <span class='ocrx_word' id='word_1_249' title='bbox 666 2039 773 2080; x_wconf 90' lang='lat' dir='ltr'>quae</span> <span class='ocrx_word' id='word_1_250' title='bbox 798 2026 1015 2067; x_wconf 86' lang='lat' dir='ltr'>restituere</span> <span class='ocrx_word' id='word_1_251' title='bbox 1039 2041 1126 2068; x_wconf 90' lang='lat' dir='ltr'>non</span> <span class='ocrx_word' id='word_1_252' title='bbox 1159 2029 1253 2084; x_wconf 90' lang='lat' dir='ltr'>opis</span> <span class='ocrx_word' id='word_1_253' title='bbox 1283 2029 1342 2071; x_wconf 82' lang='lat' dir='ltr'>est</span> <span class='ocrx_word' id='word_1_254' title='bbox 1366 2029 1543 2073; x_wconf 84' lang='lat' dir='ltr'>nostrae.</span> <span class='ocrx_word' id='word_1_255' title='bbox 1602 2029 1677 2072; x_wconf 87' lang='lat' dir='ltr'>In-</span> 
     </span>
     <span class='ocr_line' id='line_1_31' title="bbox 274 2087 1679 2148; baseline 0.003 -17"><span class='ocrx_word' id='word_1_256' title='bbox 274 2088 489 2143; x_wconf 81' lang='lat' dir='ltr'>telligitur</span> <span class='ocrx_word' id='word_1_257' title='bbox 511 2095 650 2129; x_wconf 88' lang='lat' dir='ltr'>autem</span> <span class='ocrx_word' id='word_1_258' title='bbox 667 2087 930 2143; x_wconf 90' lang='lat' dir='ltr'>L.Anicius,</span> <span class='ocrx_word' id='word_1_259' title='bbox 953 2089 1240 2144; x_wconf 89' lang='lat' dir='ltr'>quiGentium</span> <span class='ocrx_word' id='word_1_260' title='bbox 1251 2104 1399 2146; x_wconf 86' lang='lat' dir='ltr'>regem</span> <span class='ocrx_word' id='word_1_261' title='bbox 1421 2090 1589 2148; x_wconf 89' lang='lat' dir='ltr'>Illyrici</span> <span class='ocrx_word' id='word_1_262' title='bbox 1613 2093 1679 2135; x_wconf 83' lang='lat' dir='ltr'>vi-</span> 
     </span>
     <span class='ocr_line' id='line_1_32' title="bbox 277 2149 1675 2210; baseline 0.003 -17"><span class='ocrx_word' id='word_1_263' title='bbox 277 2150 418 2204; x_wconf 86' lang='lat' dir='ltr'>cerat,</span> <span class='ocrx_word' id='word_1_264' title='bbox 439 2151 510 2206; x_wconf 82' lang='lat' dir='ltr'>qui</span> <span class='ocrx_word' id='word_1_265' title='bbox 528 2149 724 2191; x_wconf 57' lang='lat' dir='ltr'>conserta</span> <span class='ocrx_word' id='word_1_266' title='bbox 744 2151 967 2206; x_wconf 88' lang='lat' dir='ltr'>prouincia</span> <span class='ocrx_word' id='word_1_267' title='bbox 987 2151 1166 2207; x_wconf 88' lang='lat' dir='ltr'>Epirum</span> <span class='ocrx_word' id='word_1_268' title='bbox 1178 2167 1312 2209; x_wconf 87' lang='lat' dir='ltr'>vsque</span> <span class='ocrx_word' id='word_1_269' title='bbox 1331 2153 1542 2210; x_wconf 72' lang='lat' dir='ltr'>processit,</span> <span class='ocrx_word' id='word_1_270' title='bbox 1563 2169 1675 2197; x_wconf 88' lang='lat' dir='ltr'>eam-</span> 
     </span>
     <span class='ocr_line' id='line_1_33' title="bbox 278 2214 1677 2275; baseline 0.004 -20"><span class='ocrx_word' id='word_1_271' title='bbox 278 2228 362 2270; x_wconf 91' lang='lat' dir='ltr'>que</span> <span class='ocrx_word' id='word_1_272' title='bbox 382 2215 591 2255; x_wconf 86' lang='lat' dir='ltr'>turbatam</span> <span class='ocrx_word' id='word_1_273' title='bbox 611 2214 845 2269; x_wconf 79' lang='lat' dir='ltr'>composuit</span> <span class='ocrx_word' id='word_1_274' title='bbox 876 2222 975 2258; x_wconf 87' lang='lat' dir='ltr'>ante</span> <span class='ocrx_word' id='word_1_275' title='bbox 1002 2215 1229 2258; x_wconf 86' lang='lat' dir='ltr'>aduentum</span> <span class='ocrx_word' id='word_1_276' title='bbox 1258 2217 1375 2259; x_wconf 90' lang='lat' dir='ltr'>Pauli</span> <span class='ocrx_word' id='word_1_277' title='bbox 1401 2217 1606 2275; x_wconf 84' lang='lat' dir='ltr'>Aemilii,</span> <span class='ocrx_word' id='word_1_278' title='bbox 1628 2223 1677 2261; x_wconf 80' lang='lat' dir='ltr'>vt</span> 
     </span>
     <span class='ocr_line' id='line_1_34' title="bbox 278 2276 1673 2320; baseline 0.002 -1"><span class='ocrx_word' id='word_1_279' title='bbox 278 2277 424 2320; x_wconf 89' lang='lat' dir='ltr'>scribit</span> <span class='ocrx_word' id='word_1_280' title='bbox 442 2276 641 2318; x_wconf 76' lang='lat' dir='ltr'>Zonaras,</span> <span class='ocrx_word' id='word_1_281' title='bbox 1669 2307 1673 2312; x_wconf 84' lang='lat'><em>-</em></span> 
     </span>
    </p>

    <p class='ocr_par' dir='ltr' id='par_1_12' title="bbox 279 2338 1745 2648">
     <span class='ocr_line' id='line_1_35' title="bbox 399 2338 1677 2396; baseline 0.005 -17"><span class='ocrx_word' id='word_1_282' title='bbox 399 2352 479 2390; x_wconf 89' lang='lat'>127.</span> <span class='ocrx_word' id='word_1_283' title='bbox 505 2353 557 2389; x_wconf 90' lang='lat'>¹4·</span> <span class='ocrx_word' id='word_1_284' title='bbox 590 2340 683 2387; x_wconf 78' lang='grc' dir='ltr'>Τοῖς</span> <span class='ocrx_word' id='word_1_285' title='bbox 702 2339 1067 2396; x_wconf 79' lang='grc' dir='ltr'>οἶνοικεκλημένοις.)</span> <span class='ocrx_word' id='word_1_286' title='bbox 1101 2338 1311 2384; x_wconf 61' lang='lat' dir='ltr'>Confecto</span> <span class='ocrx_word' id='word_1_287' title='bbox 1341 2342 1458 2384; x_wconf 87' lang='lat' dir='ltr'>bello</span> <span class='ocrx_word' id='word_1_288' title='bbox 1481 2342 1677 2388; x_wconf 78' lang='lat' dir='ltr'>Macedo-</span> 
     </span>
     <span class='ocr_line' id='line_1_36' title="bbox 279 2401 1676 2462; baseline 0.003 -18"><span class='ocrx_word' id='word_1_289' title='bbox 279 2403 403 2455; x_wconf 89' lang='lat' dir='ltr'>nico,</span> <span class='ocrx_word' id='word_1_290' title='bbox 435 2408 645 2457; x_wconf 85' lang='lat' dir='ltr'>quotquot</span> <span class='ocrx_word' id='word_1_291' title='bbox 689 2401 824 2441; x_wconf 78' lang='lat' dir='ltr'>Persei</span> <span class='ocrx_word' id='word_1_292' title='bbox 857 2404 1045 2456; x_wconf 90' lang='lat' dir='ltr'>partibus</span> <span class='ocrx_word' id='word_1_293' title='bbox 1077 2403 1221 2445; x_wconf 87' lang='lat' dir='ltr'>fauiffe</span> <span class='ocrx_word' id='word_1_294' title='bbox 1253 2403 1431 2461; x_wconf 62' lang='lat' dir='ltr'>suspecti</span> <span class='ocrx_word' id='word_1_295' title='bbox 1461 2405 1676 2462; x_wconf 78' lang='lat' dir='ltr'>delatique</span> 
     </span>
     <span class='ocr_line' id='line_1_37' title="bbox 279 2461 1676 2529; baseline 0.004 -23"><span class='ocrx_word' id='word_1_296' title='bbox 279 2473 422 2519; x_wconf 85' lang='lat' dir='ltr'>erant,</span> <span class='ocrx_word' id='word_1_297' title='bbox 443 2478 495 2504; x_wconf 86' lang='lat' dir='ltr'>ex</span> <span class='ocrx_word' id='word_1_298' title='bbox 523 2464 644 2506; x_wconf 83' lang='lat' dir='ltr'>omni</span> <span class='ocrx_word' id='word_1_299' title='bbox 671 2461 847 2504; x_wconf 85' lang='lat' dir='ltr'>Graecia</span> <span class='ocrx_word' id='word_1_300' title='bbox 880 2467 1037 2519; x_wconf 86' lang='lat' dir='ltr'>partim</span> <span class='ocrx_word' id='word_1_301' title='bbox 1065 2466 1223 2509; x_wconf 88' lang='lat' dir='ltr'>litteris</span> <span class='ocrx_word' id='word_1_302' title='bbox 1243 2467 1361 2509; x_wconf 89' lang='lat' dir='ltr'>Pauli</span> <span class='ocrx_word' id='word_1_303' title='bbox 1389 2467 1676 2529; x_wconf 64' lang='lat' dir='ltr'>imperatoris,</span> 
     </span>
     <span class='ocr_line' id='line_1_38' title="bbox 279 2525 1696 2583; baseline 0.004 -16"><span class='ocrx_word' id='word_1_304' title='bbox 279 2528 437 2583; x_wconf 84' lang='lat' dir='ltr'>partim</span> <span class='ocrx_word' id='word_1_305' title='bbox 457 2525 599 2568; x_wconf 64' lang='lat' dir='ltr'>edieto</span> <span class='ocrx_word' id='word_1_306' title='bbox 622 2527 768 2567; x_wconf 89' lang='lat' dir='ltr'>decem</span> <span class='ocrx_word' id='word_1_307' title='bbox 790 2527 1029 2579; x_wconf 79' lang='lat' dir='ltr'>legatorum</span> <span class='ocrx_word' id='word_1_308' title='bbox 1049 2530 1191 2571; x_wconf 85' lang='lat' dir='ltr'>citatis</span> <span class='ocrx_word' id='word_1_309' title='bbox 1203 2530 1445 2572; x_wconf 86' lang='lat' dir='ltr'>nominibus</span> <span class='ocrx_word' id='word_1_310' title='bbox 1469 2531 1696 2577; x_wconf 64' lang='lat' dir='ltr'>fumeum,</span> 
     </span>
     <span class='ocr_line' id='line_1_39' title="bbox 280 2587 1745 2649; baseline 0.004 -20"><span class='ocrx_word' id='word_1_311' title='bbox 280 2587 390 2642; x_wconf 86' lang='lat' dir='ltr'>cati,</span> <span class='ocrx_word' id='word_1_312' title='bbox 419 2589 492 2644; x_wconf 89' lang='lat' dir='ltr'>qui</span> <span class='ocrx_word' id='word_1_313' title='bbox 517 2589 696 2630; x_wconf 89' lang='lat' dir='ltr'>Romam</span> <span class='ocrx_word' id='word_1_314' title='bbox 716 2589 766 2630; x_wconf 86' lang='lat' dir='ltr'>ad</span> <span class='ocrx_word' id='word_1_315' title='bbox 788 2588 965 2630; x_wconf 74' lang='lat' dir='ltr'>caussam</span> <span class='ocrx_word' id='word_1_316' title='bbox 985 2591 1207 2633; x_wconf 89' lang='lat' dir='ltr'>dicendam</span> <span class='ocrx_word' id='word_1_317' title='bbox 1228 2594 1525 2649; x_wconf 85' lang='lat' dir='ltr'>sequerentur,</span> <span class='ocrx_word' id='word_1_318' title='bbox 1544 2588 1674 2635; x_wconf 85' lang='lat' dir='ltr'>Aelio</span> <span class='ocrx_word' id='word_1_319' title='bbox 1741 2620 1745 2623; x_wconf 60' lang='lat'>&gt;</span> 
     </span>
    </p>
   </div>
   <div class='ocr_carea' id='block_1_10' title="bbox 279 2648 1777 2705">
    <p class='ocr_par' dir='ltr' id='par_1_13' title="bbox 279 2648 1777 2705">
     <span class='ocr_line' id='line_1_40' title="bbox 279 2648 1777 2705; baseline 0.003 -11"><span class='ocrx_word' id='word_1_320' title='bbox 279 2651 409 2694; x_wconf 88' lang='lat' dir='ltr'>Paeto</span> <span class='ocrx_word' id='word_1_321' title='bbox 430 2662 473 2693; x_wconf 89' lang='lat' dir='ltr'>et</span> <span class='ocrx_word' id='word_1_322' title='bbox 491 2650 603 2693; x_wconf 89' lang='lat' dir='ltr'>Iulio</span> <span class='ocrx_word' id='word_1_323' title='bbox 622 2652 763 2692; x_wconf 89' lang='lat' dir='ltr'>Penno</span> <span class='ocrx_word' id='word_1_324' title='bbox 789 2649 895 2693; x_wconf 86' lang='lat' dir='ltr'>Coff.</span> <span class='ocrx_word' id='word_1_325' title='bbox 919 2662 963 2693; x_wconf 89' lang='lat' dir='ltr'>vt</span> <span class='ocrx_word' id='word_1_326' title='bbox 981 2653 1120 2695; x_wconf 88' lang='lat' dir='ltr'>scribit</span> <span class='ocrx_word' id='word_1_327' title='bbox 1142 2655 1289 2699; x_wconf 87' lang='lat' dir='ltr'>Liuius</span> <span class='ocrx_word' id='word_1_328' title='bbox 1317 2656 1389 2699; x_wconf 87' lang='lat' dir='ltr'>lib.</span> <span class='ocrx_word' id='word_1_329' title='bbox 1412 2667 1471 2705; x_wconf 82' lang='lat'>45.</span> <span class='ocrx_word' id='word_1_330' title='bbox 1528 2653 1609 2697; x_wconf 88' lang='lat' dir='ltr'>Sed</span> <span class='ocrx_word' id='word_1_331' title='bbox 1630 2662 1678 2698; x_wconf 84' lang='lat' dir='ltr'>et</span> <span class='ocrx_word' id='word_1_332' title='bbox 1728 2648 1729 2651; x_wconf 27' lang='lat'>¹</span> <span class='ocrx_word' id='word_1_333' title='bbox 1776 2655 1777 2658; x_wconf 67' lang='grc'>’</span> 
     </span>
    </p>
   </div>
   <div class='ocr_carea' id='block_1_11' title="bbox 281 2712 1680 2837">
    <p class='ocr_par' dir='ltr' id='par_1_14' title="bbox 281 2712 1680 2837">
     <span class='ocr_line' id='line_1_41' title="bbox 281 2712 1676 2774; baseline 0.002 -17"><span class='ocrx_word' id='word_1_334' title='bbox 281 2714 322 2772; x_wconf 39' lang='lat' dir='ltr'>fi,</span> <span class='ocrx_word' id='word_1_335' title='bbox 336 2714 408 2771; x_wconf 88' lang='lat' dir='ltr'>qui</span> <span class='ocrx_word' id='word_1_336' title='bbox 438 2728 587 2757; x_wconf 89' lang='lat' dir='ltr'>eorum</span> <span class='ocrx_word' id='word_1_337' title='bbox 619 2715 730 2770; x_wconf 82' lang='lat' dir='ltr'>apud</span> <span class='ocrx_word' id='word_1_338' title='bbox 755 2727 879 2768; x_wconf 84' lang='lat' dir='ltr'>reges</span> <span class='ocrx_word' id='word_1_339' title='bbox 907 2712 989 2756; x_wconf 85' lang='lat' dir='ltr'>effe</span> <span class='ocrx_word' id='word_1_340' title='bbox 1011 2715 1279 2774; x_wconf 81' lang='lat' dir='ltr'>dicebantur,</span> <span class='ocrx_word' id='word_1_341' title='bbox 1307 2718 1464 2760; x_wconf 87' lang='lat' dir='ltr'>litteris</span> <span class='ocrx_word' id='word_1_342' title='bbox 1486 2717 1676 2760; x_wconf 80' lang='lat' dir='ltr'>accersiti</span> 
     </span>
     <span class='ocr_line' id='line_1_42' title="bbox 1567 2781 1680 2837; baseline 0.018 -16"><span class='ocrx_word' id='word_1_343' title='bbox 1567 2781 1680 2837; x_wconf 90' lang='lat' dir='ltr'>sunt,</span> 
     </span>
    </p>
   </div>
  </div>
 </body>
</html>
