1786 3126
293 116 382 162 σω.
734 115 1275 177 Demeam-o>

295 232 417 285 uibus
438 234 636 292 haberes,
666 232 738 282 sed
763 237 848 282 hoc
874 234 1085 300 amplius,
1117 238 1161 282 in
1183 231 1390 300 pristinos
1412 233 1631 281 honorum
1651 245 1698 292 et

296 299 558 366 dignitatum
575 302 727 370 gradus
763 322 913 350 onmes
942 304 1086 352 edieto
1114 302 1374 360 restituereS,
1399 301 1561 352 multos
1584 306 1698 351 inter.

295 371 530 422 ministeria
550 386 619 420 tua
640 371 879 420 admitteres
892 411 904 428 ‚
935 372 1094 420 multos
1112 375 1158 420 in
1180 375 1412 420 amicitiam
1431 383 1474 419 ct
1495 373 1700 423 intimam,

295 436 627 489 familiaritatem
649 456 762 490 tuam
785 447 1002 507 reciperes.
1068 444 1154 509 Qi
1184 445 1424 508 principem
1451 444 1610 507 gratiae
1630 438 1701 494 lo-¹

297 526 397 555 cum
419 513 532 575 apud
555 525 596 558 te
613 530 743 577 quum
769 530 821 558 ex
847 512 923 559 illo
945 526 1141 578 tempore
1163 508 1328 576 semper
1351 511 1632 568 obtinuerint,
1651 522 1702 561 et.

295 594 411 633 nune
428 597 599 646 quoque
617 581 861 637 obtineant3
898 578 1163 627 documento
1183 578 1384 627 omuibus
1411 575 1532 637 sum,
1564 595 1694 644 quam

295 644 347 703 fit
365 660 433 694 tua
454 650 643 697 maiestas
667 655 710 698 in
733 646 903 696 offenfis
928 647 1172 704 exorabssss,
1202 652 1250 696 in
1271 645 1515 713 accipienda
1536 642 1698 695 satisfa-

294 716 440 769 ctione
460 716 594 766 facilis
611 759 620 776 ‚
646 723 690 766 in
712 719 976 766 reconciliata
997 722 1131 785 gratia
1156 715 1305 767 fidelis.
1335 734 1429 768 nou
1445 719 1567 765 enim
1590 713 1704 771 faei-¹

293 782 337 835 le
352 783 516 845 solum,
540 787 610 835 sed
631 793 758 835 etiam
787 785 917 835 semel
937 787 1093 854 placari
1125 784 1245 838 soles.
1276 804 1306 834 o
1336 793 1540 842 niueum,
1567 802 1598 832 o
1621 801 1697 832 au-

292 870 414 905 reum
437 859 602 920 peclus!
637 875 666 903 o
685 861 877 904 animum
898 875 994 904 vere
1015 874 1222 923 magnum
1235 892 1249 914 ,
1280 859 1350 904 cui
1370 853 1612 903 remedium
1630 857 1702 904 inq>

292 926 424 979 iuriae
454 925 620 973 obliuio
650 925 733 982 est,
762 944 852 972 non
875 925 1002 974 vltio!
1031 943 1061 972 o
1085 938 1303 983 mentem,
1324 937 1369 973 vt
1390 922 1523 978 verbo
1544 925 1702 979 omnia,

292 992 576 1056 σοιιιρίεᾶπ,
607 1012 706 1042 vere
726 999 911 1061 regiam!
944 993 1039 1060 post
1063 1007 1129 1042 tot
1147 995 1371 1052 vie'torias,
1391 1005 1456 1042 tot
1474 990 1702 1051 inusitatae

292 1065 443 1108 merita
463 1061 738 1124 clementiae,
768 1082 904 1128 quum
935 1069 1020 1111 iam
1052 1062 1279 1122 omnibus,
1307 1067 1384 1128 qui
1414 1060 1570 1128 vbique
1598 1057 1705 1115 sunt,

291 1129 544 1177 mortalibus
564 1128 665 1179 esset
686 1129 871 1197 expreffa
894 1130 1129 1187 conscilio,
1163 1129 1268 1180 scire
1296 1145 1338 1180 te
1366 1135 1562 1190 vincere,
1588 1127 1704 1189 seire,

290 1210 387 1245 tuos
406 1199 549 1246 hostes
572 1198 781 1248 debellare
796 1238 809 1257 ,
831 1198 936 1248 scire
961 1199 1179 1249 debellatis
1194 1218 1394 1266 parcere3
1435 1216 1541 1247 vnus
1570 1199 1696 1247 resta-

290 1267 361 1315 bat
383 1266 622 1334 scrupulus,
640 1275 712 1336 qui
734 1284 909 1317 tuorum
930 1274 1099 1316 animos
1127 1274 1209 1318 otii
1237 1282 1279 1319 et
1302 1272 1457 1336 quietis
1481 1265 1695 1335 cupidiffi·

291 1355 412 1393 mm,
443 1357 534 1386 non
555 1358 709 1404 parum
730 1340 933 1404 angebat,
964 1337 1084 1405 quod
1105 1357 1159 1385 an
1178 1336 1304 1386 scires
1329 1337 1491 1404 gloriae
1517 1335 1705 1396 bellicae(

288 1404 470 1453 modum
494 1410 690 1464 statuere,
709 1407 845 1455 adbuc
858 1407 1170 1475 ignorabamus.
1203 1406 1412 1455 Veniebat
1423 1409 1472 1454 in
1484 1419 1695 1465 mentem,

287 1488 462 1523 naturae
493 1477 635 1543 legem
663 1491 912 1542 perpetuam
933 1478 1045 1524 hanc
1066 1473 1175 1532 esse,
1209 1490 1254 1524 vt
1273 1475 1427 1542 quibus
1446 1474 1604 1523 artibus
1631 1478 1697 1523 in·

318 1561 391 1590 ens
413 1544 562 1611 aliquis
581 1545 707 1593 decus
730 1547 802 1592 libi
824 1545 1052 1609 quaeliuit,
1071 1564 1138 1593 eas
1156 1544 1397 1612 plurimum
1417 1542 1603 1603 adamet,
1626 1561 1696 1592 eas

307 1611 559 1661 ibentissime
579 1628 794 1672 exerceat,
817 1616 870 1662 ab
889 1619 940 1662 iis
959 1620 1198 1681 aegerrime
1216 1628 1452 1666 reuocetur.
1519 1615 1699 1680 Cogitaq

285 1680 388 1728 bant
408 1698 622 1746 praeterea
641 1685 865 1740 homines,
894 1701 986 1730 rem
1018 1687 1188 1730 vnicatu
1217 1680 1302 1730 effe
1335 1681 1546 1750 gloriam,
1571 1685 1692 1730 cuius

283 1750 463 1803 honesta
493 1752 692 1818 quidem,
747 1749 818 1799 sed
859 1749 1084 1800 insatiabili
1126 1755 1300 1800 auaritia
1341 1755 1499 1819 optimi
1530 1754 1706 1819 quique(

284 1824 523 1886 principes,
547 1835 588 1869 et
606 1825 790 1868 maximia
812 1825 982 1886 ingenia
1004 1834 1239 1868 teneantur.
1284 1822 1359 1868 Te
1377 1824 1507 1888 igitur
1529 1819 1693 1869 bellici:

284 1906 308 1934 a
331 1907 468 1953 puero
487 1895 744 1938 innutritum
766 1889 981 1947 laudibus,
1000 1907 1055 1937 ne
1074 1894 1250 1938 materia
1269 1887 1427 1938 deeffet
1448 1890 1693 1956 triumpho·

278 1975 408 2012 rum,
430 1963 599 2024 antiqua
629 1963 843 2006 maiorum
870 1972 1046 2006 tuorum
1068 1963 1162 2007 iura
1191 1971 1480 2026 repetentem,
1509 1955 1618 2005 bella
1637 1974 1703 2012 ex,

1772 1640 1786 1695 ἰ.

1731 1703 1777 1815 „l

283 2024 404 2072 bellis
423 2029 664 2088 gesturum,
697 2045 835 2092 neque
869 2042 940 2075 aut
964 2028 1039 2074 tibi
1071 2041 1142 2075 aut
1165 2032 1249 2075 tuis
1269 2025 1396 2076 vllam
1416 2030 1607 2093 quietem
1623 2029 1692 2083 in·
1764 2045 1770 2052 ·

283 2087 515 2143 dulsurum.
549 2099 606 2141 Hi
631 2109 720 2142 tum
743 2095 857 2159 vulgi
878 2095 1095 2151 sermones
1117 2108 1262 2155 erant,
1289 2098 1361 2144 hic
1392 2099 1527 2144 timor
1558 2099 1690 2144 etiam

284 2180 458 2222 eorum,
488 2169 561 2229 qui
587 2162 712 2229 supra
733 2150 880 2231 vulgus
913 2163 1101 2229 sapiunt:
1142 2165 1337 2212 nondum
1370 2162 1569 2213 videlicet
1598 2178 1702 2213 tua·.
1762 2165 1777 2197 ’-

281 2250 382 2279 rum
403 2236 601 2280 omnium
622 2237 828 2280 virtutum
853 2234 1030 2299 plenum
1062 2233 1181 2282 iubar
1211 2230 1456 2292 refulserat,
1487 2231 1690 2294 nondum

282 2315 351 2348 tua
373 2301 560 2350 maiestas
581 2301 877 2367 praestantiam
907 2301 1022 2350 suam
1050 2316 1186 2350 totam
1207 2300 1477 2368 patefecerat.
1545 2305 1603 2352 Vt
1624 2299 1699 2351 sol-

281 2375 450 2436 quoties
474 2371 524 2416 ab
543 2389 618 2418 axe
637 2370 771 2422 altero
796 2370 848 2417 ad
873 2388 950 2418 nos
971 2369 1152 2428 accedit,
1175 2390 1267 2419 non
1287 2384 1460 2437 repente
1473 2384 1609 2420 totam
1619 2368 1702 2428 sui:

283 2439 433 2505 caloris
462 2445 546 2486 vim
574 2445 616 2485 in
640 2457 719 2486 nos
739 2439 1041 2498 infunditJed
1064 2440 1285 2506 paullatim
1306 2458 1360 2489 ex
1381 2439 1516 2488 vfibus
1533 2438 1698 2497 nostrin,

281 2524 376 2559 cam
400 2507 469 2555 dis
462 2507 630 2574 pensat3
667 2507 721 2555 fic
741 2522 812 2556 tua
836 2508 1026 2557 maiestas
1048 2508 1263 2559 coeleliem
1280 2508 1399 2557 illam
1418 2512 1573 2558 mentis
1590 2506 1688 2558 alti·

279 2577 474 2624 tudinem
498 2595 589 2625 non
611 2577 772 2634 statim,
795 2595 943 2626 verum
967 2578 1234 2644 temporibus
1250 2576 1333 2626 suis
1352 2590 1394 2626 et
1411 2575 1574 2631 iudicio
1591 2593 1682 2625 cer·

279 2657 329 2692 to
350 2651 525 2697 exeruit.
564 2643 757 2712 prodesse
776 2650 895 2694 enim
918 2653 1023 2706 tuis,
1044 2665 1135 2695 non
1157 2645 1486 2695 admirationem
1505 2649 1566 2693 tui
1578 2661 1682 2692 con·

279 2720 410 2767 citare
442 2715 630 2782 voluisti.
675 2720 815 2784 itaque
845 2733 950 2784 ergo
980 2731 1160 2783 quantus
1188 2711 1291 2764 effes
1320 2714 1678 2827 bellator,lq11a1u

1495 2800 1517 2828 c
1536 2798 1680 2828 eluens
