1786 3126
11 0 15 4 '
30 12 42 51 ψ

9 89 28 169 l
519 135 1074 186 casavnour
1351 112 1490 195 ’ωι

34 297 35 300 ,
82 231 291 301 beatem
311 247 512 311 subiecti,
537 249 685 300 iudicii
711 251 1036 311 rediimdinem,
1066 251 1285 302 dodrinae
1303 258 1492 320 copiam,

62 321 181 388 {qua
199 319 394 368 ciuilium
413 338 579 379 rerum,
607 338 690 388 qua
708 321 952 370 bellicarum
965 359 981 377 ,
1011 321 1230 389 postremo
1249 336 1422 389 propter
1440 322 1491 371 il-

31 399 47 452 μ’
91 385 214 450 hm,
233 406 340 456 quae
359 390 528 439 Graecis
555 388 710 438 dicitur
737 389 854 451 ἤθες
881 386 1110 449 διάθεσις,
1144 409 1334 458 quaeque
1356 396 1401 439 in
1422 394 1491 440 hi-

10 452 20 504 i
51 482 53 484 ·
90 455 226 505 ›ssoria
255 457 322 506 vel
344 462 531 507 maxime
555 457 677 507 debet
698 456 901 527 spectari,
935 460 1066 528 longe
1090 478 1113 508 a
1134 474 1256 526 tergo
1276 459 1488 526 relinquit.

94 524 216 593 quod
235 525 266 573 fi
286 530 504 576 veritatem
523 543 566 575 et
586 526 820 579 libertatem
841 528 984 577 iudicii
1001 527 1208 578 hodierna
1222 533 1390 595 ingenia
1402 527 1490 577 fer-

28 626 39 661 .‘
93 611 150 642 re
166 592 364 662 poffunt3
397 600 435 649 is,
457 594 654 662 profesto
684 595 769 645 fuit
796 597 1106 654 Sallustius,-et
1132 602 1214 645 vita
1244 612 1286 644 et
1310 595 1490 664 scriptis,

18 707 28 723 ,⁴
51 691 53 694 ·
92 668 172 730 qui
191 668 394 712 omnium
412 663 640 713 libidinum
667 663 831 725 seruus,
863 665 920 715 fic
938 666 1123 715 aliorum
1146 670 1257 714 vitiis
1279 680 1491 734 perpetuo

25 733 29 738 ’
94 729 364 790 irasceretur,
389 732 502 800 quafi
523 732 742 783 inuideret.
763 734 876 783 inde
908 736 966 784 est
990 735 1096 784 illud
1127 751 1223 784 trux
1252 750 1293 783 et
1323 736 1489 795 violen-

47 831 51 834 ·
91 813 189 849 tum
207 799 375 850 dicendi
402 820 560 869 genus,
593 820 682 871 quo
702 803 909 853 ledlorem
939 805 1122 854 mirifice
1150 804 1367 852 interdum
1396 802 1488 852 affi-

90 873 190 928 eit,v
210 872 358 927 trahit,
387 865 508 938 rapit.
540 876 697 919 ouiiitto
728 872 867 923 dicere
900 873 952 922 de
985 880 1075 923 eius
1106 873 1322 931 didiione,
1355 892 1488 941 quam

14 987 18 995 x
93 937 220 987 multi
247 954 438 987 veterum
468 938 588 988 valde
616 940 860 1008 laudarunt,
893 943 1017 992 multi
1035 962 1126 991 non
1148 942 1281 998 adeo,
1311 941 1489 1010 quidam

22 1028 26 1035 ⁸
92 1008 712 1075 vehementer-improbarunt..
765 1014 965 1079 Magnus,
985 1017 1102 1061 Deus
1121 1012 1248 1070 bone,
1267 1013 1416 1058 audior
1425 1013 1490 1059 T.

88 1075 262 1139 Linum,
289 1075 418 1125 lactea
441 1077 633 1144 quadam
664 1080 849 1128 vbertate
874 1080 1072 1130 dieiionis
1105 1080 1309 1128 diuinitus
1336 1079 1489 1128 facun-

89 1142 194 1204 dus;
227 1163 370 1193 amans
405 1150 639 1202 virtutum,
668 1147 769 1197 osor
798 1154 1030 1207 vitiorum,
1058 1151 1195 1197 reeius
1219 1147 1389 1206 iudicii,
1419 1167 1487 1196 re·

89 1229 189 1261 rum
208 1226 333 1282 togae
346 1252 359 1272 ,
388 1233 532 1263 rerum
549 1214 658 1283 sagi,
689 1217 761 1263 etfi
780 1236 871 1264 non
891 1235 942 1265 ex
962 1216 1033 1265 vsu
1054 1236 1192 1283 neque
1211 1221 1485 1283 experientia,

89 1286 259 1348 egregie
270 1297 415 1331 tamen
438 1289 620 1350 peritus:
654 1283 859 1351 denique,
879 1285 911 1333 fi
931 1286 1033 1348 quid
1051 1285 1221 1344 iudico,
1239 1288 1325 1333 hoc
1343 1283 1487 1334 solum

38 1377 41 1379 >
91 1352 315 1415 ingenium
340 1350 416 1411 (de
435 1350 643 1399 historicis
662 1352 839 1420 loquor)
858 1355 1038 1422 populus
1062 1357 1288 1402 Romonus
1307 1373 1384 1422 par
1402 1361 1491 1403 im-

55 1419 57 1421 ’
91 1422 215 1484 perio
234 1415 309 1466 suo
330 1420 487 1468 habuit.
521 1434 709 1469 ceterum
741 1437 878 1470 tantus
908 1439 950 1472 et
980 1438 1064 1472 tam
1099 1423 1355 1472 admirabilis
1385 1421 1488 1471 scti-

50 1525 69 1534 ..
89 1497 218 1553 pror,
248 1501 293 1535 vt
321 1487 564 1554 eloquentia
582 1489 806 1552 Polybium
830 1490 955 1540 facile
977 1498 1134 1550 vincit,
1163 1491 1280 1558 quod
1301 1497 1486 1560 ingenue

89 1551 252 1603 fateor:
286 1561 344 1604 ita
361 1556 463 1605 -aliis
498 1556 714 1605 dotibus-a
744 1559 925 1621 Polybio
955 1579 1045 1609 non
1079 1560 1255 1609 obscure
1288 1565 1486 1613 vincitur.

88 1636 191 1672 nam'
211 1636 256 1670 vt
274 1623 328 1672 de
348 1624 459 1673 libro
477 1623 598 1673 sexto
615 1627 724 1675 nihil
747 1627 906 1686 dicam,
929 1643 971 1678 et
992 1630 1038 1678 id
1056 1649 1188 1698 genus
1211 1630 1301 1677 aliis
1312 1630 1484 1692 Polybii

85 1690 431 1758 digreffionibus,
461 1709 502 1741 et
522 1696 695 1743 tadiicae
722 1701 983 1762 imperitiam
1001 1699 1062 1747 est
1083 1700 1153 1747 vbi
1177 1697 1486 1766 deprehendas,

87 1759 207 1828 quod
225 1761 373 1810 nostri
404 1769 701 1813 commentarii
738 1766 958 1829 Polybiani
986 1766 1154 1825 dicent,
1197 1782 1238 1815 et
1264 1772 1310 1814 in
1337 1767 1485 1816 cauffis

39 1869 43 1886 5
87 1845 234 1893 rerum
250 1829 496 1899 affignandis
508 1871 521 1891 ‚
536 1851 564 1879 a
583 1832 747 1882 fineero
766 1835 900 1883 nostri
927 1835 1110 1896 iudicio,
1142 1854 1240 1902 prae
1268 1841 1400 1884 nimia
1418 1835 1486 1885 su·

18 1892 65 1959 fs.
88 1897 336 1964 perstitione
367 1918 458 1948 non
488 1919 584 1948 raro
609 1902 858 1961 deficiiens⁹
884 1904 1015 1953 aniles
1033 1910 1222 1971 ¹ineptias
1251 1902 1398 1953 solidis
1419 1923 1485 1953 ra-

17 1966 300 2026 ‘2-ss-ti‘e1fibus,
329 1981 372 2017 et
387 1974 527 2018 certis·
544 1969 656 2018 illius
685 1971 1116 2022 demonstrationibus
1144 1978 1374 2040 anteponit,
1409 1974 1482 2022 illa

71 2049 258 2102 ¹quoque
277 2049 366 2085 tam
382 2036 581 2104 frequens
601 2053 644 2086 et
664 2053 751 2087 tam
773 2056 960 2089 accurata
980 2055 1281 2110 portentorum
1303 2061 1483 2092 enumc-

30 2137 34 2141 -
65 2106 387 2160 :miesennon
405 2105 590 2154 eundem
613 2111 726 2156 hunc
744 2115 875 2157 animi
898 2111 1010 2159 illius
1034 2111 1235 2160 morbum
1255 2111 1394 2179 palam
1417 2111 1483 2160 fa·-

91 2173 176 2219 eit?
202 2181 350 2220 vtn'on
360 2175 587 2224 abhorreat
607 2195 630 2224 a
649 2183 737 2225 veri
753 2177 851 2237 fide,
869 2178 985 2246 quod
1002 2186 1238 2229 memoriae
1256 2180 1480 2248 proditum

22 2266 53 2294 π·
90 2237 150 2286 0st
171 2255 197 2297 Q
215 2242 452 2302 nonnullis,
479 2247 737 2312 Gregorium
759 2249 996 2315 Magnum,
1024 2251 1276 2316 pontificem
1306 2249 1380 2297 reli
1414 2253 1485 2296 io-

22 2301 55 2352 l·-
91 2311 158 2354 nis
177 2309 423 2360 christianae
442 2311 734 2379 propagandae
755 2316 1097 2368 studiofiffimum
1112 2357 1124 2376 ‚
1158 2322 1237 2367 hac
1258 2322 1359 2365 tanti
1380 2269 1482 2364 {ri-

90 2380 228 2442 ptoris
245 2376 419 2431 ridicula
441 2379 732 2448 superstitione
754 2381 996 2445 offensum,
1023 2405 1076 2435 ex
1105 2388 1304 2434 omnibus
1326 2384 1484 2433 biblio..

41 2470 55 2480 --
92 2446 225 2494 thecis
253 2450 341 2494 eius
371 2449 560 2496 historias
589 2450 746 2499 curasse
776 2453 996 2503 tollendas.
1062 2455 1221 2502 Iulium
1254 2452 1483 2505 Caesarem

22 2528 53 2550 ἴ*
89 2513 604 2565 historicorumomnium
623 2524 667 2566 in
687 2518 764 2567 suo
785 2540 941 2588 genere
961 2528 1152 2590 primum
1164 2537 1207 2570 et
1223 2527 1484 2582 maximum,

91 2584 434 2649 proter·inssituti
453 2585 733 2635 diuerfitatem
751 2598 1053 2654 praetermitto,
1118 2596 1238 2640 Vnus
1259 2591 1395 2643 adhuc
1413 2609 1485 2644 rt!-

51 2679 58 2687 ⁴
88 2649 169 2699 ssat
188 2654 487 2700 Romanorum
506 2655 730 2704 Cornelius
748 2660 949 2717 Tacitus,
980 2678 1110 2727 quem
1133 2665 1179 2708 in
1199 2661 1278 2710 hac
1301 2673 1483 2719 contem·

93 2722 212 2768 tione
231 2721 448 2788 piaculum
466 2721 515 2771 fit
532 2722 728 2773 omififfe.
767 2770 771 2772 ,
794 2729 879 2776 Hic
896 2733 1041 2796 magni
1062 2739 1104 2777 et
1121 2733 1313 2780 acerrimi
1334 2734 1477 2788 §virim-

1341 2804 1440 2866 geni
1453 2805 1482 2862 i,
