1786 3126
271 114 358 175 ⁶32
708 105 1233 160 nantca'rm

274 240 506 285 extremum
524 230 682 294 βωμία
699 231 743 278 υἱ
771 229 859 293 ipfiz
877 233 1007 278 vincit
1027 231 1292 294 obtinetque,
1316 237 1359 276 et
1385 231 1437 279 de
1466 231 1674 279 mendacio

273 301 525 363 triumphat.
562 300 630 344 En
646 301 779 347 animi
794 302 977 346 veritatis
994 314 1142 347 amore
1162 295 1362 363 stupentis
1383 298 1675 346 testimonium

275 364 664 419 luculentissimum.
729 367 847 413 Huic
867 380 1009 414 autem
1027 364 1143 416 dieto
1163 365 1347 412 mirifice
1365 362 1564 432 congruit
1582 379 1675 414 tota

259 442 367 487 -eius
388 436 577 488 historia.
611 451 810 483 amorem
833 440 950 484 euim
967 439 1079 492 veri,
1103 433 1254 482 odium
1275 432 1369 482 falli
1385 431 1594 492 sexcentis
1609 434 1676 483 lo·

210 509 211 512 ’
276 511 336 558 cis
360 504 597 553 constanter
621 505 859 570 profitetur.
925 506 1021 551 Fuit
1040 503 1209 564 Polybii
1226 500 1459 560 sententia,
1482 501 1676 570 scriptori

276 573 478 627 historiae
496 572 605 621 nihil
624 577 797 620 veritate
817 577 1031 641 antiquius
1064 570 1147 619 esse
1176 570 1351 620 debere:
1389 590 1483 620 non
1512 572 1565 621 ad
1583 590 1676 639 gra·

278 647 408 699 tiam,
435 657 507 690 aut
529 641 635 690 odio
658 646 930 708 cuiusquam,
965 660 1057 688 non
1081 639 1274 708 respectu
1295 640 1447 696 vllius,
1474 640 1677 708 fiue'pri·

276 726 424 768 natae,
444 711 530 759 fiue
551 710 743 778 publicae
767 715 1002 768 amicitiae;
1035 729 1126 757 non
1156 710 1339 777 denique
1360 709 1443 757 vlla
1473 711 1676 758 charitate

278 799 381 848 erga
400 795 593 848 parentes
612 794 684 827 aut
702 785 906 846 patriam3
943 783 1060 828 cuius
1080 778 1382 828 sandiiffimum
1407 783 1454 826 in
1474 785 1594 827 terris
1617 778 1676 827 est

277 867 469 907 nomen,
490 854 709 897 veritatem
732 846 992 915 professum,
1025 861 1067 896 et
1094 862 1138 896 vt
1159 848 1246 915 ipse
1271 847 1482 916 loquitur,
1517 848 1571 900 τὸ
1593 851 1677 908 τῆς

278 923 443 990 ἶςοςῖοις
466 915 576 979 ἦθος
598 917 932 980 ἀναλαβόντα,
966 916 1121 965 debere
1154 916 1327 976 adduci,
1357 929 1402 965 vt
1432 914 1499 964 vel
1525 914 1678 971 latum,

277 988 396 1054 quod
417 991 558 1045 aiunt,
574 1003 760 1051 vnguem
782 1005 805 1032 a
826 1004 929 1033 vero
949 985 1127 1034 recedat.
1194 990 1245 1034 In
1264 1000 1400 1036 cetera
1418 983 1596 1053 quidem
1617 990 1677 1033 vi-

275 1067 342 1113 ta,
367 1060 425 1103 ait
443 1054 542 1110 ille,
562 1059 802 1102 amicorum
816 1051 898 1102 effe
919 1070 1136 1102 amantem
1154 1073 1202 1103 ac
1218 1060 1402 1121 patriae,
1442 1051 1594 1103 laudo:
1627 1058 1676 1101 in

275 1121 495 1176 scribenda
519 1141 623 1170 vero
650 1122 851 1180 historia,
882 1129 1009 1171 ctiam
1040 1126 1190 1172 harum
1221 1126 1472 1172 charitatum
1501 1119 1678 1170 affedius

278 1198 374 1242 exui
407 1191 535 1246 volo:
571 1191 675 1240 volo
705 1197 778 1240 vni
803 1190 905 1239 fidei
935 1191 1128 1255 consuli,
1146 1208 1212 1250 et,
1238 1192 1302 1240 vel
1335 1211 1434 1240 cum
1453 1189 1677 1258 dispendio

277 1261 602 1312 existimationis
626 1265 780 1322 amici,
817 1265 1023 1325 parentis,
1051 1266 1231 1327 patriae,
1262 1267 1334 1310 vni
1364 1261 1475 1309 litari
1496 1264 1676 1309 veritati.

274 1332 442 1379 Duram
471 1330 634 1398 legem,
667 1329 818 1398 aliquis
850 1329 970 1378 dicet.
1011 1327 1085 1378 sed
1112 1330 1172 1377 est
1198 1335 1304 1378 tanti
1334 1335 1510 1389 veritas3
1534 1343 1678 1396 'quam

276 1398 458 1458 tollere,
481 1414 552 1447 aut
570 1415 646 1466 per
663 1397 847 1465 speciem
875 1399 1093 1448 cuiusdam
1120 1394 1386 1468 ψευδωνύμε
1415 1397 1677 1465 prudentiae,

278 1468 348 1516 vel
370 1468 583 1517 mendacii
603 1467 807 1527 officiosi,
829 1468 1010 1527 violare,
1030 1482 1151 1517 tanto
1170 1473 1304 1516 maius
1319 1466 1465 1516 nescio
1488 1466 1591 1537 quid
1604 1466 1680 1529 est,

270 1554 405 1605 quam
441 1535 576 1585 solem
618 1536 671 1583 de
712 1535 877 1584 mundo
906 1537 1090 1597 tollere3
1143 1550 1304 1604 quanto
1338 1554 1479 1587 nssvs
1515 1550 1681 1584 creator

1685 0 1717 81 π».

276 1612 500 1664 omnium,
524 1610 654 1654 totius
681 1611 866 1654 veritatis
893 1608 1065 1665 audior,
1105 1619 1228 1672 atque
1259 1606 1367 1654 adeo
1395 1605 1482 1672 ipsa
1513 1610 1690 1663 veritas,

275 1673 367 1724 sole
386 1680 537 1725 maior.
606 1677 732 1722 Hanc
753 1674 893 1741 legem
914 1692 1047 1741 quum
1070 1679 1283 1742 principio
1303 1680 1446 1742 operis
1470 1674 1546 1724 fibi
1567 1678 1680 1741 pari-

275 1756 343 1793 ter
375 1757 416 1792 et
444 1743 643 1791 omnibus
676 1743 894 1791 annalium
928 1743 1222 1792 conditoribus
1256 1741 1543 1810 imposuiffct3
1599 1758 1676 1809 per

275 1811 516 1862 Vniuersam
536 1812 732 1878 deinceps
750 1811 1023 1879 scriptionem
1047 1812 1302 1862 exac'tiffime
1322 1812 1490 1880 semper
1517 1825 1560 1860 et
1578 1811 1677 1860 reli-

275 1880 507 1948 gioslffime
527 1900 622 1930 eam
642 1881 729 1947 ipse
747 1880 951 1929 seruauit:
986 1901 1125 1947 neque
1144 1881 1229 1930 fuit
1250 1887 1471 1949 quisquam
1487 1880 1595 1937 adeo
1614 1880 1678 1928 illi

275 1951 446 2007 charus,
471 1955 586 2000 cuius
608 1956 739 2016 gratia
763 1951 1000 2000 libertatem
1034 1949 1149 1999 suam
1173 1966 1214 2000 et
1243 1956 1496 2022 πωῤῥησίοιν
1518 1949 1680 1997 obliui-

273 2016 471 2071 sceretur.
540 2024 716 2066 Aratum
737 2022 989 2082 Sicyonium
1009 2026 1114 2087 reip.
1134 2024 1400 2068 Achaeorum
1421 2023 1676 2086 principem,

274 2087 420 2155 paullo
443 2101 539 2133 ante
562 2089 684 2134 huius
709 2103 888 2136 aetatem
912 2092 1086 2136 Graecia
1117 2094 1258 2136 omnis
1289 2101 1376 2136 erat
1408 2093 1582 2151 mirata;
1618 2092 1679 2135 vi-

275 2151 374 2204 ruin
397 2160 633 2221 integritate
648 2195 660 2213 ,
683 2154 904 2214 industria,
924 2156 1176 2205 rediitudine
1197 2157 1498 2214 confiliorum,
1532 2157 1678 2223 aeple-

275 2230 416 2291 risque
433 2225 525 2273 aliis
556 2230 700 2291 magni
732 2225 896 2291 politici
927 2225 1126 2292 ducisque
1146 2225 1362 2284 laudibus,
1392 2245 1493 2293 prae
1526 2232 1685 2274 ceteris

274 2293 516 2362 aequalibus
537 2291 641 2354 suis,
669 2309 884 2342 ornatum.
952 2296 1109 2343 Achaei
1134 2313 1236 2343 vero
1268 2309 1335 2343 tot
1361 2296 1675 2350 beneficiorum

274 2363 329 2410 ab
351 2369 486 2410 Arato
510 2367 553 2407 in
574 2361 688 2409 suam
714 2364 905 2429 rempub.
927 2363 1181 2412 collatorum
1203 2382 1442 2421 memores,
1464 2363 1558 2413 fato
1577 2362 1675 2410 fun·

274 2434 391 2479 &um
414 2432 464 2481 aci
495 2430 792 2496 sempiternam
828 2437 1080 2479 memoriam
1105 2433 1426 2492 consecrarunt,
1454 2450 1496 2482 et
1524 2448 1674 2480 omnes

272 2502 475 2548 heroibus
506 2499 662 2550 deferri
693 2498 837 2547 solitos
872 2503 1057 2550 honores
1090 2507 1128 2549 ei
1169 2503 1460 2550 decreuerunt.
1544 2504 1673 2549 Hunc

274 2569 400 2616 talem
437 2575 574 2616 virum
602 2569 800 2630 Polybius
825 2575 1045 2636 praecipue
1067 2570 1233 2619 videtur
1265 2568 1511 2638 suspexisse3
1555 2568 1670 2637 quod

274 2656 324 2685 ex
357 2638 462 2684 locis
493 2638 856 2707 plurimisoperis
898 2640 1010 2686 illius
1039 2638 1169 2688 facile
1202 2643 1336 2707 potes}
1366 2639 1561 2705 intelligi,
1629 2651 1672 2686 at

274 2725 364 2757 nou
388 2725 440 2757 eo
467 2705 598 2758 secius
620 2722 761 2760 tamen
789 2713 905 2760 Arati
929 2723 1098 2779 peccata
1121 2723 1461 2773 commemorati
1502 2706 1671 2756 tardum

1627 2795 1673 2826 ιη
