1786 3126
397 99 1112 185 ··Teasavnou1
1201 160 1214 186 1
1449 134 1534 202 ὡς

123 220 323 302 Δἰῖῐᾱνιιιιξ
344 256 543 302 omnium
555 251 1149 320 historicorumdigniffimus.
1214 254 1366 321 Neque
1387 266 1531 304 tamen

130 324 169 369 is
186 321 248 369 est
264 320 488 384 Polybius,
512 326 587 390 qui
604 319 877 388 supercilium
898 320 1116 387 quoddam
1128 323 1320 370 Stoicum
1334 360 1349 381 ‚
1369 339 1441 371 aut
1458 341 1529 372 ru-

10 372 19 403 ”
64 405 69 408 ’
130 388 279 453 ssioem
294 390 632 458 fimplieitatem,
657 389 711 438 ad
732 388 1006 438 iudicandum
1034 389 1089 438 de
1117 390 1357 439 aetionibus
1383 394 1528 441 homi·

130 475 239 506 num
261 459 539 526 politicorum
555 457 713 511 afferat.
745 457 909 507 faciunt
925 461 1011 507 hoc
1028 459 1248 508 vmbratiei
1266 458 1436 526 quidam
1458 458 1526 508 so-

129 528 208 594 phi
223 567 236 587 ,
270 545 412 576 rerum
427 530 714 576 humanarum
732 532 941 595 imperiti,
965 547 1013 576 ac
1030 541 1255 595 propterea
1278 532 1413 595 iniqui
1430 547 1527 595 per-

129 593 254 662 saepe
281 600 471 645 vii-orum
500 615 758 663 magnorum
777 595 995 656 censores,
1022 615 1205 663 quorum
1228 600 1412 645 rationes
1432 615 1525 646 non

130 669 316 731 mpiunt.
382 664 544 714 Sciebat
559 667 698 714 homo
719 671 996 733 negotiorum
1018 664 1329 714 callentiffimus
1342 704 1354 722 ,
1375 678 1418 713 et
1430 679 1524 713 tan·

128 746 179 782 to
197 731 267 781 vsu
317 733 519 793 raeditus,
542 734 645 800 quid
668 734 717 783 fit
734 732 984 783 discriminis
1004 733 1260 801 ponendum
1278 739 1391 782 inter
1409 751 1522 793 eam,

126 819 237 869 quae
265 752 509 870 fipmpliciter
534 801 691 851 dicitur
718 803 962 870 prudentia,
991 817 1034 851 et
1059 826 1120 858 πε
1147 803 1374 864 ‘qm-miv,
1401 808 1521 852 euius

127 869 330 930 confilia,
380 885 425 920 vt
445 870 684 920 neeeffitate
711 885 956 939 temporum
982 826 1195 938 expreff'a,
1248 886 1292 920 et
1312 870 1519 940 sapientes

126 938 348 998 excusant3
378 938 602 1007 prudentes
626 957 729 989 vero
760 947 888 989 etiam
928 939 1112 991 laudant.
1147 957 1274 1010 atque
1303 942 1409 989 haee
1441 939 1516 998 est,

124 1025 252 1075 quam
280 1005 389 1057 solet
421 1010 653 1071 πολιτικὴν
683 1010 983 1078 συγυπέκρισιν
1010 1015 1265 1066 nominare,
1308 1012 1517 1075 quoniam

124 1074 239 1124 eliud
258 1075 497 1136 simulatur,
526 1077 640 1126 aliud
670 1082 830 1146 agitur:
865 1097 930 1127 res
956 1091 1052 1126 toto
1080 1096 1235 1145 genere
1269 1074 1432 1125 diuersa
1462 1077 1515 1124 ab

122 1141 195 1193 issa
215 1150 464 1195 veteratoria
483 1146 668 1204 malitia,
694 1161 740 1194 vt
767 1153 813 1195 in
831 1146 983 1195 nostris
999 1150 1316 1194 commentariis
1334 1143 1516 1211 diligen-

121 1225 188 1262 ter
213 1211 493 1282 exposuimus.
566 1213 740 1263 Discant
771 1219 900 1282 igitur
926 1214 978 1262 ab
1008 1216 1094 1262 hoe
1127 1214 1308 1263 dodore
1339 1219 1514 1262 iuuenes

119 1279 246 1333 studii
263 1282 432 1349 politici
455 1282 694 1338 candidati,
717 1300 862 1330 veram
891 1280 1159 1349 prudentiam
1188 1297 1229 1331 et
1254 1286 1342 1331 eius
1370 1280 1512 1350 leges;

50 1378 53 1380 ·
119 1367 212 1398 non
229 1350 380 1398 abillo
400 1350 601 1409 Etrusco,
646 1356 692 1398 in
718 1351 1000 1418 opprobrium
1028 1350 1249 1418 religionis
1283 1349 1512 1400 chistianae

118 1432 248 1478 nat03
280 1423 350 1467 eui
404 1419 583 1479 rebitas,
617 1419 749 1474 fides,
780 1423 998 1487 integritas
1018 1434 1144 1486 atque
1162 1419 1270 1468 adeo
1295 1423 1341 1467 in
1364 1421 1510 1468 Deum

117 1491 276 1554 pietas,
309 1505 339 1535 o
377 1487 485 1535 eculi
505 1485 706 1536 dedecus!
741 1492 881 1536 inania
901 1486 995 1535 sunt
1013 1487 1101 1537 fine
1117 1506 1164 1536 re
1182 1492 1385 1547 nomina;
1408 1505 1511 1554 pru-

118 1555 287 1613 dentia,
311 1555 579 1604 arsefallendi
593 1577 607 1616 3
634 1556 808 1624 politim
831 1555 1049 1613 dodhina,
1077 1556 1409 1611 instrumentum
1442 1560 1511 1604 in·

45 1628 53 1665 ι’
115 1625 327 1672 hnmanae
344 1623 588 1687 tyrannidis.
652 1623 828 1673 Discant
842 1639 882 1672 et
903 1629 977 1692 qni
997 1624 1049 1672 ad
1065 1623 1332 1674 scribendum
1347 1642 1415 1674 res
1433 1642 1509 1692 ge-

115 1691 195 1740 stas
213 1698 407 1740 animum
426 1692 658 1759 applioent,
685 1698 824 1760 praeci
858 1711 963 1742 uum
993 1694 1210 1742 annalium
1230 1711 1383 1742 munus
1406 1691 1506 1751 effe,

114 1765 190 1810 vni
209 1759 353 1810 fauere
374 1766 545 1820 virtuti,
567 1780 700 1809 vnum
720 1712 857 1810 odissg.
883 1767 1061 1823 vitium3
1104 1763 1219 1810 illam
1253 1760 1336 1810 effe
1363 1762 1506 1829 legiti-

56 1854 57 1857 ¹
93 1827 258 1890 inam,
286 1844 328 1878 et
345 1835 589 1878 aeternitate
608 1830 781 1898 dignam
799 1827 1048 1886 historiam,
1075 1836 1144 1879 cui
1174 1850 1306 1878 vnum
1335 1831 1504 1878 boumn

54 1913 59 1916 ’
91 1898 336 1958 -Bonestas3
363 1916 496 1947 vnum
517 1899 677 1947 malum
699 1898 931 1966 turpitudo.
996 1899 1077 1947 Sed
1099 1901 1356 1967 probitatem
1378 1901 1504 1948 huius

114 1970 196 2016 viri
216 1967 287 2015 illa
296 1971 449 2015 eximia
462 1972 762 2035 aequanimitas
775 1966 1106 2017 manifestiffime
1119 1973 1283 2037 arguit,
1308 1986 1437 2037 quam
1456 1972 1503 2016 in

76 2040 79 2045 ’
113 2031 467 2102 rbisoehendendis
488 2038 817 2104 antiquioribus,
839 2042 911 2104 qui
932 2042 1215 2104 ignoratione,
1237 2055 1327 2086 non
1341 2036 1502 2085 malitia

46 2112 49 2116 ’
113 2098 216 2170 151>ss
232 2102 423 2162 fueraut,
451 2103 618 2172 semper
638 2105 822 2154 adhibet.
863 2106 920 2153 fic
948 2111 1065 2154 enim
1088 2124 1252 2155 errores
1283 2105 1423 2167 tollit,
1455 2119 1502 2153 vt

114 2189 265 2220 eorum
277 2210 291 2231 ,
320 2179 394 2240 quii
412 2179 602 2233 errarint,
620 2173 759 2222 famae
777 2174 885 2223 nihil
895 2188 1120 2241 propterea
1131 2173 1232 2223 velit
1250 2173 1501 2224 dett-aistum.

113 2245 218 2307 quin
239 2245 366 2288 etiam
384 2247 535 2309 gratias
554 2243 636 2291 illis
657 2262 783 2311 agere
803 2242 868 2301 se,
900 2242 1222 2310 plurimmnque
1250 2261 1326 2292 eos
1352 2245 1498 2289 mirari

115 2308 368 2375 profitetur,
384 2309 498 2375 quod
517 2311 591 2359 etfi
612 2309 838 2371 errassent,
855 2310 1057 2360 tentando
1078 2326 1220 2360 tamen
1240 2326 1282 2359 et
1302 2308 1499 2359 conando

114 2382 227 2424 visun
250 2376 425 2443 posteris
451 2380 727 2443 perueniendi
763 2379 817 2428 ad
846 2399 995 2429 verum
1027 2380 1319 2434 indioeuerint.
1383 2380 1498 2434 Scias

112 2450 383 2494 vera-virtute
399 2443 522 2494 fniffe
542 2447 804 2514 praeditum,
829 2454 903 2515 qui
923 2446 1103 2497 eauffam
1133 2447 1340 2497 scribendi
1362 2443 1499 2494 solam

46 2562 68 2580 Ι,
111 2515 330 2572 habuerit,
360 2514 573 2582 publicam
599 2516 822 2566 vtilitatem
847 2531 888 2565 et
916 2535 1079 2566 errores
1114 2523 1225 2565 vitae
1254 2512 1498 2581 corrigendi

60 2591 63 2614 ῑ
111 2581 378 2646 desiderium.
444 2586 579 2630 Porro
599 2589 736 2632 amori
758 2590 920 2634 virtutis
942 2585 1126 2651 studium
1147 2588 1334 2631 veritatis
1359 2581 1498 2631 neces·

39 2650 46 2662 ²
111 2649 221 2700 strio
242 2651 407 2717 semper
427 2651 487 2697 est
506 2655 804 2702 coniunehnn:
837 2659 979 2720 neque-
993 2660 1110 2702 enim
1130 2658 1258 2700 virtus
1275 2651 1358 2710 est,
1379 2656 1496 2699 cuius

53 2738 58 2748 ⁵
115 2727 207 2769 ton
227 2720 278 2768 fit
298 2724 424 2787 origo
444 2724 617 2768 veritas:
657 2739 737 2770 nee
754 2728 928 2779 vitium,
960 2721 1076 2788 quod
1099 2740 1188 2770 non
1218 2739 1242 2768 a
1271 2719 1497 2835 menidacio

898 2793 966 2837 Rr
998 2810 1021 2851 3
1386 2802 1499 2836 uniat
