1786 3126
287 117 365 163 182
695 104 972 173 VALEsu
1026 110 1260 157 NOTAE

283 229 528 287 pensatores
551 238 718 273 vocant.
778 230 959 273 Athenis
986 243 1154 285 quoque
1185 235 1274 270 erat
1299 229 1566 284 magistratus
1586 221 1690 287 'q'ui-

285 294 379 335 dam
393 326 405 348 ,
439 295 459 337 o‘
480 295 547 337 ἐπὶ
565 291 631 340 τῆς
650 289 885 347 διοικήσεως,
920 294 993 346 qui
1015 293 1236 348 pecuniam
1255 293 1403 333 aerarii
1428 293 1689 337 admmistra-

285 357 379 409 bat,
421 370 547 411 quem
576 356 838 411 quaestorem
870 354 996 412 possis
1029 357 1182 397 dicere.
1245 355 1578 410 Eius-meminit
1598 356 1687 398 De·

285 418 527 462 mosthenes
555 423 633 474 pro
663 432 833 462 corona.
898 417 1139 460 Dinarchus
1168 420 1212 459 in
1244 426 1350 459 orat.
1385 414 1487 461 κατ-οἷ
1517 420 1689 463 Anamis

284 480 335 527 τί
357 484 423 526 ἐπὶ
443 481 510 538 τῆς
531 476 752 535 διοικήσεως.
788 481 899 536 apud
919 480 1173 538 Dionysium
1187 481 1322 524 Halic.
1333 481 1377 522 in
1390 480 1624 534 Dinnrcho,
1642 488 1691 524 et

284 545 503 600 Diogenes
526 545 567 586 in
588 545 775 587 Zenonis
795 545 936 586 Cittiei
960 545 1057 587 vita.
1117 544 1271 585 Pollux
1295 543 1366 585 lib.
1389 550 1420 589 8.
1453 560 1524 600 ‚1921
1543 539 1588 588 νδ
1607 545 1690 587 διοι-

285 603 475 660 διδὸμενον
491 605 668 651 &nuliis-0
688 605 881 664 Θοωρικόν
912 603 1044 664 ὥσπερ
1080 609 1148 662 »ῳᾴ
1173 604 1216 649 τὸ
1245 605 1558 662 ἐκκλησιαςικόν,
1589 598 1643 650 ιῖν
1667 607 1690 650 ὅ

285 666 489 721 ἐφεςηκιδς
509 671 576 714 ἐπὶ
596 670 664 727 τῆς
686 665 917 724 &omnies-wc,
939 666 1089 727 οὰρετδς
1110 666 1154 724 ἦν
1176 670 1243 712 ἐπ)
1263 667 1340 711 τῶν
1364 665 1600 724 προσιόντων
1618 669 1690 726 1ρῂ

286 731 615 787 ἀναλισκομένων.
651 746 758 788 quae
770 733 956 775 Pollucis
971 732 1093 774 verba
1114 746 1201 773 non
1225 732 1442 774 intellexit
1459 732 1688 788 interpres.

402 830 463 865 99.
485 830 523 866 4.
557 817 688 864 Αἴνιος
711 817 901 873 ἐγένετο.)
941 816 1056 861 Vide
1079 815 1246 858 Liuium
1274 815 1346 858 lib.
1365 829 1425 863 32·
1460 821 1504 858 et
1524 815 1692 859 Plutar.
1766 858 1769 866 Ι

286 877 414 921 chum
432 880 475 920 in
505 879 732 921 Flaminini
757 881 855 922 vita.

404 962 506 1004 Ibid>
532 977 590 1003 22.
624 962 866 1018 Έκορωνίοι.)
899 961 951 1002 In
974 963 1204 1019 exemplari
1223 962 1365 1004 nostro
1385 961 1625 1018 legebatur,
1647 954 1691 1006 ἐν

286 1026 474 1081 κορωνίᾳ,
507 1026 663 1080 absque
697 1025 843 1079 sensu,
890 1025 934 1066 in
967 1040 1051 1080 quo
1079 1027 1250 1081 prorsus
1280 1025 1402 1066 nobis
1432 1024 1692 1067 haerendum
1767 1025 1771 1032 ’

290 1095 403 1138 erat,
443 1087 519 1128 nifi
541 1087 691 1129 Suidas
712 1088 832 1128 nobis
859 1087 1077 1142 adfuisset,
1110 1089 1181 1144 qui
1205 1089 1319 1130 hunc
1347 1088 1492 1129 locum
1525 1087 1692 1143 profert

287 1150 333 1191 in
355 1150 538 1205 ἐκορωνίσι
555 1183 566 1203 ,
585 1149 711 1204 idque
731 1149 1033 1204 interpretatur
1057 1152 1230 1208 ἕγαυρία.
1280 1164 1419 1205 neque
1446 1150 1569 1193 aliter
1599 1150 1693 1192 He-
1772 1171 1775 1175 ·

286 1211 460 1268 sychius
480 1209 665 1269 κορωνιῶν
683 1212 819 1253 reddit
837 1209 1013 1268 γαυριᾶν.
1057 1214 1223 1255 videtur
1253 1213 1366 1254 enim
1395 1212 1580 1256 deriuari
1610 1207 1694 1256 οἷπδ

285 1272 364 1318 τῶν
383 1271 557 1331 κορωνῶν
578 1269 746 1331 ταύρων,
781 1275 854 1330 qui
877 1273 1060 1316 surrecta
1090 1275 1244 1317 habent
1270 1289 1442 1318 cornua.
1503 1274 1574 1318 Sic
1594 1275 1693 1317 Ari-

287 1337 513 1392 stophanes
554 1332 801 1393 α’νορτεῖλιζες
837 1337 1066 1394 κακερετίας
1098 1338 1207 1379 dixit
1249 1337 1395 1378 eadem
1431 1337 1695 1393 metaphora.

288 1409 583 1442 verumtamen
608 1412 711 1453 pace
730 1398 1112 1442 Grammaticorum
1134 1400 1279 1442 malim
1297 1400 1582 1456 interpretari,
1601 1413 1693 1442 con-

289 1461 452 1503 tendere
479 1475 526 1504 ac
556 1462 720 1513 rixari,
764 1462 897 1503 sumta
937 1476 960 1502 a
991 1464 1234 1505 cornicibus
1273 1462 1545 1518 metaphora,
1585 1475 1693 1518 quae

271 1524 640 1581 vcontentionibus
663 1525 874 1579 gaudent,
896 1533 938 1565 et
961 1525 1063 1566 alias
1075 1539 1173 1567 aues
1195 1522 1365 1567 subinde
1386 1528 1694 1586 appetuntma-

288 1588 383 1629 iore
406 1588 547 1628 animo
567 1601 688 1642 quam
705 1587 880 1639 robore,
909 1593 955 1628 vt
982 1595 1025 1628 et
1053 1586 1225 1630 Seruius
1251 1587 1394 1629 scribit
1428 1587 1474 1629 in
1500 1588 1696 1642 eclogam

289 1665 357 1694 xx.
381 1649 569 1704 Virgilii.
631 1648 739 1691 Sane
758 1649 930 1690 verbum
952 1650 1082 1702 illud,
1112 1650 1227 1704 quod
1257 1649 1455 1704 adiungit
1474 1649 1695 1705 Polybius,
1759 1639 1765 1646 ’

289 1713 686 1769 interpretationem
707 1711 888 1753 nostram
909 1711 1087 1752 mirifice
1107 1711 1344 1755 confirmat.
1375 1711 1560 1768 ἐκορωνίοι
1576 1746 1587 1765 ,
1621 1712 1695 1767 ait,

289 1781 360 1830 κμγ’
379 1774 652 1832 παρετρίβετο.
697 1775 755 1816 est
775 1787 890 1815 emm
909 1769 1213 1831 ταρατρίβειθοᾳ
1232 1774 1452 1830 altercari,
1481 1774 1593 1816 vnde
1613 1791 1696 1818 ⁴1·oe-

288 1836 475 1896 ρατριβή,
492 1852 573 1893 qua
597 1852 706 1880 voce
720 1837 850 1879 vtitur
868 1837 1187 1895 Polybiusgjcap.
1206 1851 1266 1886 41.
1285 1837 1416 1891 legat.

408 1935 488 1963 100.
515 1936 566 1963 ιο.
603 1923 710 1975 Μηδὲ
734 1919 1009 1978 προςρέχειν.)
1042 1919 1186 1961 MaHm
1205 1921 1454 1978 προτρέχειν,
1471 1919 1696 1976 metapho-

290 1998 338 2028 ra
360 1982 486 2026 duaa
507 1984 556 2024 ab
576 1982 776 2025 officiofis
803 1984 1004 2037 seruulis,
1038 1983 1112 2038 qui
1142 1983 1254 2024 vltro
1286 1985 1339 2024 ad
1370 1983 1520 2024 herum
1546 1997 1696 2024 accur-

290 2054 404 2090 runt,
464 2046 700 2088 Emendaui
724 2047 852 2087 etiam
875 2047 979 2103 πέρα
995 2042 1117 2100 virs,
1141 2059 1239 2088 cum
1259 2047 1305 2088 in
1324 2046 1397 2090 ms.
1409 2045 1560 2087 codice
1579 2044 1697 2102 estet,

290 2106 401 2168 faex*
423 2105 532 2153 ⁷4⁷8.

409 2172 514 2214 lbid.
535 2185 585 2212 20
629 2166 708 2226 Καὶ
735 2170 986 2226 Νίκανδρον.)
1047 2169 1331 2226 Eupolemum
1363 2178 1406 2213 et
1433 2171 1696 2214 Nicandrum

292 2236 471 2279 Romam
502 2232 707 2276 abductos
739 2233 860 2274 fuifl'e
894 2233 1036 2275 scribit
1064 2233 1271 2289 Polybius
1303 2248 1394 2289 cap.
1420 2247 1479 2286 73.
1509 2234 1695 2291 legatio·
1755 2237 1758 2242 '

292 2311 422 2352 num,
447 2312 500 2338 eo
522 2298 637 2353 quod
657 2294 834 2350 suspefti
866 2303 1012 2349 erant,
1048 2295 1186 2337 Persei
1225 2298 1412 2352 partibus
1442 2296 1589 2339 fauere
1621 2297 1695 2337 ad·
1732 2301 1757 2338 ,ἓ

290 2361 438 2403 uersus
457 2360 662 2416 populum
685 2359 921 2400 Romanurn
936 2392 947 2409 ‚
968 2359 1082 2413 quod
1104 2359 1263 2412 gestum
1286 2359 1366 2401 esse
1392 2360 1562 2402 videtur
1588 2372 1694 2400 con-

292 2424 432 2466 sulatu
459 2422 560 2464 Auli
583 2420 751 2463 Hostilii
773 2429 816 2462 et
836 2421 979 2463 Attilii
1002 2419 1184 2466 Serrani.
1235 2422 1470 2465 seruiebant
1493 2429 1632 2464 autem
1650 2428 1695 2463 et

293 2486 624 2541 obsequebantur
642 2484 765 2526 Rom.
777 2485 821 2525 in
838 2483 1014 2526 Aetolia
1032 2483 1241 2539 Lyciscus
1262 2485 1514 2542 etTifippus
1528 2517 1541 2539 ,
1559 2484 1696 2528 vtPo-

291 2548 438 2604 lybius
474 2548 626 2590 scribit.
1474 2584 1477 2587 .

415 2611 517 2653 lbid.
539 2625 599 2659 23.
631 2605 735 2653 ’Avi
755 2607 1114 2664 τ’Ἱππ-ομαχιάς.)
1156 2608 1226 2652 Sic
1257 2610 1302 2651 in
1325 2609 1398 2652 ms.
1421 2609 1574 2651 codice
1595 2608 1697 2650 seri·

291 2679 416 2729 ptum
449 2673 609 2717 inueni.
649 2672 762 2714 forte
793 2668 874 2715 οἷπδ
907 2671 1167 2726 Λυσιμαχιάς
1194 2671 1533 2731 legendumjiest,
1567 2671 1698 2729 ¹quod

293 2735 503 2792 oppidum
525 2737 609 2780 fuit
630 2735 828 2779 Aetoliae
843 2768 856 2792 ,
879 2734 992 2796 teste·
1004 2733 1222 2778 Strabone.

1591 2794 1696 2838 Ibid.
