1786 3126
302 98 388 188 536
669 102 901 176 12sAA'cr
945 129 1337 178 castvssom

301 243 472 302 obiam.»
496 245 749 291 sustulimus·
755 259 887 291 voces
911 249 1071 295 otiosas
1102 265 1180 293 ταν
1197 245 1422 306 spon-mih.
1449 253 1530 304 p'ro
1550 247 1706 320 quibus

300 311 529 368 legendum
550 308 631 352 efl'e
652 309 821 354 fortaffe
839 329 916 356 των
937 329 1153 370 epuratur-mu
1173 312 1425 354 adnotatum
1455 317 1546 354 erat
1571 310 1618 352 in
1638 324 1708 352 re-

301 375 392 430 gio.
433 380 582 415 neutra
604 388 717 428 vox,
747 375 862 429 quod
883 389 967 430 ego
996 374 1145 427 sciam,
1175 374 1276 415 ferri
1312 372 1463 430 potest.
1518 358 1592 415 Ad
1616 386 1707 415 rem

300 437 435 494 ipsam
447 437 561 508 quod
575 437 753 491 attinet,
780 433 1043 480 Graecorum
1067 437 1245 479 militiae
1265 436 1503 479 institutum
1522 432 1606 476 hic
1612 448 1708 478 nar-

302 506 442 553 ratur,
460 499 505 540 in
524 512 609 554 quo
631 506 724 541 tota
742 499 1012 542 circuitionis
1036 500 1195 542 vtilitas
1209 499 1470 542 continetur.
1506 494 1601 541 nam
1621 498 1708 540 cir-

304 563 484 605 cumitio
504 561 748 616 vigiliarum
764 577 821 603 eo
842 560 1023 618 spectat,
1049 572 1094 604 vt
1116 564 1161 604 in
1181 575 1280 616 eos,
1313 562 1388 617 qui
1421 561 1596 616 vigilias
1618 574 1708 611 non

303 625 513 678 obierint,
536 633 609 667 aut
627 625 735 666 male
757 625 962 679 obierint,
979 624 1414 682 poffitanimaduerti.
1455 637 1542 680 quo
1571 623 1707 678 igitur

301 685 602 742 delinquentes
622 687 1060 743 deprehenderentur,
1088 689 1275 731 instituta
1295 687 1377 729 fuit
1396 701 1448 728 ea
1474 684 1714 734 σκυταλίδος-

300 748 500 808 περιφοροὶ
531 752 601 806 2190?
632 747 865 807 παράδοσις,
899 764 1024 805 quam
1053 751 1137 792 hoc
1168 752 1269 793 loco
1302 750 1501 792 describit
1527 749 1710 801 Aeneas.

300 809 514 870 Σκυτοῖλην
537 823 664 855 nemo
686 815 856 868 ignorat
885 813 1122 867 fignificare
1152 814 1322 867 lignum
1353 821 1482 861 teres,
1523 811 1711 859 σκυταλλς

303 872 514 917 eiusmodi
541 876 706 930 lignum
739 876 817 930 est,
851 877 922 918 sed
953 878 1095 918 minus
1129 890 1254 932 quam
1285 874 1707 931 ordinariascytala.

302 939 350 981 in
371 938 454 979 hoc
474 938 595 992 ligno
618 938 757 993 figura
775 940 978 994 quaedam
998 948 1041 981 et
1062 939 1225 994 fignum
1240 939 1556 994 exprimebatur
1571 969 1590 990 ‚,
1619 944 1665 978 vt
1684 950 1710 978 a

303 1001 460 1044 ceteris
491 1001 844 1054 distingueretur:
897 1001 1104 1043 simillima
1134 1002 1203 1043 his
1228 1002 1403 1044 fuerunt
1430 1001 1506 1043 illa
1534 995 1709 1054 ἔυλῆφια
1769 1003 1774 1008 ’

303 1063 470 1120 βραχέα
484 1062 652 1117 τελέως,
684 1059 836 1119 ἔχοντα
855 1062 1089 1122 χαρακτῆρσι
1102 1098 1114 1120 ,
1150 1078 1332 1120 quorum
1351 1065 1394 1106 in
1415 1064 1609 1106 Romana*
1625 1062 1707 1103 mi-

306 1126 404 1167 litia
425 1123 632 1180 Polybius
654 1126 847 1167 meminit
867 1126 975 1168 libro
998 1141 1068 1169 v1.
1129 1129 1207 1170 Ait
1229 1126 1404 1181 aanor,
1435 1129 1526 1169 eius
1546 1124 1708 1167 formae

303 1187 460 1230 taleam
481 1202 505 1228 a
524 1187 694 1229 tribuno
714 1188 961 1230 tradendam
981 1188 1062 1230 esse
1081 1190 1169 1244 illi,
1198 1191 1270 1245 qui
1293 1190 1594 1231 circuitionem
1621 1187 1710 1243 pri-

304 1264 402 1293 mus
422 1250 567 1293 obibit.
600 1249 713 1291 hune
734 1264 838 1292 vero
859 1252 1025 1306 lignum
1052 1261 1274 1308 acceptum
1303 1252 1354 1294 ad
1386 1252 1625 1308 proximam
1645 1251 1710 1291 vi-

304 1313 442 1368 gilum
463 1313 682 1355 stationem
705 1313 869 1355 deferre
889 1314 1067 1367 debere,
1101 1323 1229 1370 atque
1248 1316 1304 1356 ibi
1323 1316 1486 1357 tradere
1502 1311 1557 1372 τῷ
1575 1308 1710 1366 φύλα-

305 1395 368 1430 κι,
403 1377 446 1417 id
468 1376 526 1417 est
547 1375 610 1417 illi
633 1375 838 1430 vigilum,
872 1378 943 1432 qui
963 1377 1007 1418 in
1030 1377 1321 1420 circumeundi
1345 1389 1520 1419 munere
1549 1375 1628 1432 ipsi
1649 1375 1710 1417 est

304 1438 591 1488 succefl'urus3
621 1438 745 1480 illum
765 1441 816 1481 ad
845 1441 1078 1494 proximam
1106 1440 1327 1483 stationem
1359 1439 1524 1495 fignum
1553 1439 1709 1479 debere

305 1501 492 1555 deferre,
525 1509 569 1542 et
589 1501 710 1543 alteri
728 1502 916 1544 similiter
939 1503 1131 1553 tradere;
1165 1504 1236 1559 qui
1261 1516 1392 1559 porro
1421 1503 1537 1544 idem
1565 1500 1616 1544 fit
1643 1499 1711 1549 *fa-

304 1563 453 1606 &urus
465 1579 477 1613 3
507 1564 645 1605 donec
668 1565 769 1605 orbe
793 1565 1036 1618 vigiliarum
1052 1567 1244 1608 omnium
1265 1563 1485 1618 confeeto,
1503 1564 1556 1606 ad
1573 1563 1710 1616 tribu·-

304 1626 516 1680 num‚qui
537 1626 664 1680 dedit,
686 1626 859 1682 scytalis
882 1636 1132 1671 reuertatur.
1164 1629 1281 1683 quod
1299 1625 1515 1675 ficircitor
1525 1627 1711 1682 aliquam

304 1689 531 1731 stationem
555 1703 579 1729 a
600 1690 803 1744 vigilibus
828 1690 1032 1731 desertam
1049 1691 1285 1746 inuenerit,
1304 1698 1352 1732 vt
1368 1690 1439 1732 cui
1451 1689 1588 1732 tradat
1611 1690 1710 1746 foy—-

302 1752 481 1795 talidem
513 1765 601 1793 non
627 1752 802 1801 habeat;
836 1762 951 1794 retro
980 1754 1031 1794 ad
1063 1754 1277 1795 tribunum
1301 1756 1451 1808 pedem
1480 1751 1638 1793 referre
1656 1751 1711 1792 il-
1773 1763 1786 1798 „2

307 1814 401 1856 lum
424 1814 598 1869 debere,
625 1823 670 1857 vt
692 1814 884 1858 tribunus
904 1816 1009 1857 vitio
1029 1815 1277 1870 intellecto,
1308 1829 1383 1870 per
1411 1815 1709 1856 centurionem

306 1877 499 1919 desertae
528 1878 693 1919 stationi
724 1878 861 1920 statim
892 1879 1144 1933 prospiciat,
1186 1886 1231 1920 et
1271 1892 1371 1919 mox
1397 1878 1443 1919 in
1473 1877 1708 1919 desertores

304 1940 625 1982 animaduertat.
657 1941 773 1982 Haec
798 1941 904 1982 ratio
924 1948 968 1982 et
994 1941 1156 1983 vtilitas
1178 1941 1235 1982 est
1259 1941 1353 1983 eius
1372 1939 1705 1996 instituti,quod

303 2002 389 2044 hoc
417 2002 517 2043 loco
541 2002 710 2044 Aeneas
739 2003 948 2044 describit.
1007 2004 1097 2045 Alii
1130 2003 1281 2046 Graeci
1310 2004 1354 2044 in
1387 2015 1481 2044 eam
1507 2014 1597 2044 rem
1617 2014 1706 2044 non
1753 2007 1775 2049 ’ᾖ

302 2065 542 2120 scytalide‚
566 2066 635 2106 sed
655 2067 753 2106 nola
774 2065 860 2108 fiue
882 2066 1141 2108 tintinabulo
1165 2067 1401 2109 vtebantur.
1443 2078 1539 2107 nam
1569 2063 1619 2123 τῇ
1638 2063 1707 2120 τῆς
1759 2062 1761 2066 ⁴

304 2126 539 2176 σκυταλίδος
569 2126 762 2184 περιφορᾷ
780 2146 850 2184 amq
872 2124 1104 2184 παραδόσει,
1137 2129 1398 2172 fimillimum
1427 2128 1511 2171 fuit
1541 2126 1708 2171 institu-
1768 2151 1786 2189 s

306 2196 397 2232 tum
423 2187 492 2246 τῆς
519 2188 753 2247 παραφορᾶς
783 2189 832 2234 r}
862 2188 1027 2239 κώδωνος
1057 2193 1127 2249 ’tw'
1153 2189 1426 2248 παραδόσεωςτ
1479 2191 1703 2236 circitores
1785 2195 1786 2205 ¹

305 2253 422 2295 enim
434 2254 486 2295 ad
505 2255 745 2309 proximam
763 2253 986 2295 stationem
1005 2255 1305 2297 tintinabulum
1325 2253 1566 2296 deferebant
1583 2261 1628 2296 et
1638 2252 1704 2299 al·

305 2316 389 2358 teri
409 2316 648 2371 tradebant,
681 2317 753 2370 qui
774 2325 818 2358 et
836 2317 925 2370 ipse
943 2317 1083 2358 rursus
1104 2317 1284 2360 faciebat
1298 2318 1424 2360 idem.
1485 2317 1701 2359 Romanae

306 2392 413 2420 vero
434 2380 610 2421 militiae¹
631 2379 893 2421 consuetudo
909 2412 920 2431 ‚
943 2381 1095 2433 partim
1116 2380 1262 2422 fimilis
1277 2414 1288 2435 ,
1314 2381 1465 2436 partim
1479 2378 1701 2428 diffimilis.

305 2439 515 2496 Scytalidi
536 2442 759 2498 respondet
779 2442 886 2482 illud
906 2438 1056 2498 κάρφος
1070 2476 1081 2495 ,
1112 2451 1160 2485 vt
1187 2444 1374 2499 appellat
1405 2438 1638 2498 Polybius,
1656 2441 1702 2482 id

306 2504 367 2546 est
385 2505 550 2558 lignum
570 2505 781 2546 minutum
795 2538 805 2558 ‚
826 2505 868 2545 in
889 2519 973 2559 quo
994 2514 1082 2546 erat
1100 2506 1258 2561 aliquid
1279 2506 1540 2561 inscriptum.
1573 2511 1616 2546 at
1633 2517 1700 2545 ra-

306 2567 371 2609 tio
393 2569 535 2609 vtendi
557 2568 639 2611 hoc
656 2567 779 2621 ligno
806 2568 986 2609 multum
1013 2569 1189 2611 diuersa.
1250 2568 1332 2612 Sed
1361 2570 1414 2610 de
1442 2567 1537 2610 istis‘
1560 2567 1700 2621 omni-

305 2629 385 2672 bus
412 2630 590 2673 vbertim
613 2627 683 2674 σὸν
702 2627 787 2686 Θεῷ
806 2631 856 2671 ad
878 2643 944 2672 v1.
971 2630 1151 2685 Polybii.
1744 2666 1754 2671 -
1772 2659 1774 2662 -

425 2689 572 2737 Πσῖντα
598 2690 816 2748 α’ντιδιδὸνα]
845 2693 937 2748 παρ’
955 2687 981 2734 §³
1008 2694 1133 2748 ἔλαβε
1161 2691 1233 2751 τήν
1263 2692 1525 2748 σκυταλίδα.)
1582 2691 1700 2741 Quid
1766 2718 1777 2738 ,ι

306 2753 366 2797 est
393 2755 559 2800 me'vroe?
608 2770 697 2799 non
736 2757 848 2798 enim
882 2755 1142 2799 reddendum
1171 2757 1230 2800 est
1260 2757 1397 2813 aliud,
1445 2767 1571 2812 quam
1598 2754 1700 2809 scy-

1510 2816 1697 2860 talidem.
