1786 3126
0 0 56 54 ts
138 0 166 34 ῑ·
857 24 859 26 .
1666 0 1786 119 ἵ

503 171 1062 225 εΆΒᾸνΒοΝι
1402 144 1633 239 πςῗ“

31 304 49 351 ᾖ
64 290 514 361 ’δῖςυεὶῐιίεἰίκηυοᾶ
531 297 578 341 in
588 305 804 340 tantorum
819 311 1047 342 munerum
1062 293 1310 360 largitorem
1321 295 1483 354 Deum,

6 354 32 431 j
77 367 267 430 ingratus
289 367 451 420 extitit,
480 380 528 410 ac
545 378 650 410 mox
675 363 728 409 ab
748 367 890 430 agnita
910 366 1086 411 veritate
1110 361 1389 413 scelestiffime
1409 363 1483 412 de-

75 429 207 492 fecit3
270 449 369 480 uem
390 431 513 480 miles
536 430 662 498 ipfius
682 429 841 493 refert,
871 431 967 498 post
994 430 1124 480 ardua
1145 447 1188 481 et
1207 431 1312 480 seria
1333 439 1481 482 termi-

76 515 200 559 nata,
214 451 268 548 ad
288 499 610 568 procudendum
631 505 855 567 ingenium
873 499 1045 550 solitum
1063 507 1195 562 verti,
1213 516 1256 549 et
1275 519 1326 549 ex
1348 503 1480 551 histo-

23 623 24 629 *
65 574 139 617 ria
169 567 286 637 quasi
313 568 462 637 pabula
498 567 702 637 quaedam
732 574 907 629 animo,
942 570 995 618 ad
1020 568 1215 619 sublimia
1244 569 1478 635 scandenti,

0 633 25 726 μ’
76 643 342 706 conquirere.
406 638 524 703 Idem
561 643 608 686 in
637 640 912 705 expeditione
944 639 1102 687 Perfica
1134 644 1350 687 ciuitatem
1385 658 1478 687 am·

59 710 194 774 ‘plam
212 720 255 754 et
283 705 536 774 populosam
560 706 879 769 Pyrisaboram,
909 709 1066 775 triplici
1087 727 1248 757 corona
1275 710 1477 767 cinclam,

75 794 213 844 quum
233 789 420 832 teneret,
442 793 598 824 omnes
617 775 731 825 aleae
749 775 862 825 casus
894 782 1008 826 inter
1037 792 1209 826 mutuas
1228 777 1365 826 clades
1383 776 1478 826 fru-

73 845 153 892 ssra
185 858 405 912 expertu83
458 843 622 893 facinus
660 846 940 895 memorabile
979 849 1191 914 Scipionis
1229 847 1478 905 Aemiliani,

74 911 192 980 quod
215 918 260 962 in
278 914 540 981 Carthagine
557 913 761 981 capienda
777 915 830 962 ab
850 934 904 964 eo
923 914 1089 965 editum
1110 916 1296 986 legerat,
1316 920 1478 964 imitari

73 996 118 1030 ct
140 979 302 1031 referre
317 981 548 1032 constituit.
583 989 656 1050 qui
678 999 876 1043 conatus,
908 985 983 1034 etfi
1005 991 1168 1035 exitum
1189 1003 1280 1034 non
1300 986 1476 1046 habuit3

74 1049 179 1119 quid
194 1055 311 1100 enim
333 1049 491 1100 misero
522 1052 587 1100 illi
609 1053 717 1101 bene
738 1067 943 1114 verteret,
973 1060 1048 1122 qui
1070 1074 1093 1103 a
1115 1054 1199 1103 deo
1220 1054 1355 1103 sciens
1375 1073 1475 1120 pru-

70 1119 259 1188 densque
278 1117 364 1168 sese
383 1126 618 1170 auerterat?
652 1121 760 1170 illud
779 1136 921 1171 tamen
945 1123 1063 1190 quod
1085 1124 1264 1191 probare
1288 1121 1475 1170 intendi-

68 1206 189 1252 mus,
211 1187 432 1238 clarissime
451 1191 692 1241 confirmat.
761 1195 812 1238 ln
843 1192 999 1241 eodem
1028 1210 1186 1259 genere
1217 1190 1474 1258 ponendum

57 1256 152 1316 est,
173 1257 292 1326 quod
312 1260 485 1308 Marcus
507 1262 680 1318 Brutus,
704 1259 779 1307 ille
800 1262 1101 1308 Romanorum
1120 1265 1271 1309 veteris
1294 1258 1473 1327 reip.vl-

65 1331 222 1383 timus,
239 1332 371 1379 etiam
394 1335 441 1376 in
463 1327 631 1382 castris,
660 1333 791 1375 etiam
811 1333 923 1376 inter
945 1329 1046 1377 belli
1070 1329 1146 1376 fibi
1171 1327 1312 1377 fatalis
1337 1345 1472 1388 curas,

65 1393 318 1444 nobiliffimi
336 1395 555 1443 annalium
579 1395 813 1444 conditoris
827 1435 841 1455 ,
867 1402 1088 1464 epitomen
1108 1395 1313 1449 confecit.
1383 1400 1471 1446 Cu·

0 1463 3 1469 ’
68 1468 133 1512 ius
153 1462 232 1511 dili
318 1468 423 1511 tiam
445 1468 572 1511 tertio
592 1464 687 1531 post
709 1462 878 1514 saeculo
901 1471 1070 1514 imitans
1099 1472 1246 1534 regina
1264 1466 1470 1524 Zenobia,

66 1531 142 1580 illa
158 1481 334 1599 quiza]
354 1550 445 1580 non
465 1535 684 1593 Romana,
702 1532 774 1581 sed
794 1537 1000 1582 Romanis
1019 1533 1291 1603 scriptoribus
1310 1540 1470 1583 merito

63 1598 369 1650 suooelebrata
383 1639 397 1660 ‚
414 1607 658 1650 aeternitate
676 1608 867 1650 nominis
881 1603 1118 1672 digniffima
1139 1604 1349 1662 foemina,
1370 1605 1471 1651 Ale-

56 1666 315 1718 xandrinam
334 1684 377 1718 et
397 1671 665 1719 Orientalem
684 1671 904 1720 historiam
921 1713 935 1732 ‚
957 1678 1074 1722 cuius
1097 1688 1187 1722 erat
1204 1672 1466 1741 peritissima,

53 1742 113 1787 in
131 1737 441 1808 compendium
461 1738 649 1808 redegit:
697 1754 823 1808 atque
855 1740 1028 1801 eadem,
1066 1762 1121 1790 ne
1149 1746 1345 1790 Latinam
1373 1747 1467 1809 qui-

64 1804 169 1856 dem'
185 1808 431 1875 ignorabat,
451 1827 581 1875 quam
601 1810 760 1858 Graece
778 1810 948 1878 legerat.
1016 1811 1134 1878 Qtid
1156 1830 1264 1878 opus
1297 1817 1358 1858 ire
1388 1829 1467 1877 per

63 1876 279 1945 singulos?
310 1876 449 1926 Semel
469 1878 679 1927 affirmare
689 1877 911 1946 poss‘umus
926 1919 939 1939 ,
958 1882 1180 1928 Romanos
1194 1880 1321 1928 duces
1338 1895 1467 1946 atque

65 1949 366 2012 imperatores,
391 1945 596 2013 quamdiu
628 1947 803 2014 quidem
833 1949 940 1996 illud
968 1954 1199 2016 imperium
1227 1949 1343 1997 suam
1370 1949 1465 2017 glo-

54 2016 173 2064 riam
200 2014 411 2074 obtinuit,
439 2015 548 2063 adeo
576 2015 806 2084 diligenter
834 2019 1036 2066 traditum
1072 2018 1148 2067 fibi
1181 2037 1203 2066 a
1233 2019 1466 2067 1nai0ribus

54 2080 265 2132 historiae
280 2101 475 2145 amorem
495 2098 536 2132 et
557 2085 740 2133 studium
761 2085 1023 2136 conseruasse
1037 2126 1050 2145 ,
1083 2103 1128 2135 vt
1150 2088 1342 2154 plerique
1366 2088 1466 2135 illo-

66 2155 162 2199 r'um
178 2169 268 2200 non
287 2149 429 2200 solum
450 2152 637 2202 facerent
655 2153 872 2203 scribenda
886 2195 898 2213 ,
920 2174 1067 2204 verum
1087 2162 1214 2204 etiam
1232 2155 1462 2205 scriberent

67 2217 256 2286 legenda.
321 2224 465 2289 Itaque
501 2221 555 2269 de
582 2221 664 2271 suis
693 2239 764 2272 aut
796 2225 943 2273 alienis
973 2226 1095 2273 rebus
1125 2230 1461 2274 commentarios

66 2286 424 2354 composuerunt,
452 2292 680 2340 Cornelius
709 2293 848 2355 Sulla,
880 2295 1007 2341 Iulius
1033 2294 1211 2350 Caesar,
1233 2293 1461 2360 Augustus,

66 2355 295 2415 Claudius,
319 2359 559 2419 Traianus,
587 2361 828 2410 Hadrianus
851 2377 893 2410 et
926 2363 1066 2429 plures
1096 2363 1180 2411 alii.
1247 2365 1461 2409 Omnium

66 2443 172 2472 vero
207 2423 526 2491 sapientissimus
562 2443 685 2495 atque
714 2429 975 2480 doc‘tiffimus
1004 2434 1176 2479 Marcus
1204 2436 1461 2490 Antoninus,

65 2512 193 2560 quem
217 2507 393 2560 propter
410 2494 612 2543 affiduam
630 2515 806 2564 operam
827 2500 970 2548 studiis
991 2516 1187 2546 nauatam
1201 2538 1214 2556 ‚
1242 2499 1371 2565 vulgo
1394 2500 1460 2544 hi-

67 2562 207 2610 stor'ici
228 2560 538 2628 philosophum
559 2573 892 2633 cognominant,
934 2574 980 2616 in
999 2568 1117 2615 libris
1145 2573 1279 2614 aureis
1303 2568 1356 2615 de
1375 2571 1459 2614 vita

65 2629 160 2688 sua,
181 2637 292 2679 inter
313 2635 487 2679 virtutes
507 2636 823 2699 imperatorias,
843 2639 950 2686 hanc
971 2654 1142 2703 quoque
1174 2642 1322 2701 ponit3
1355 2634 1459 2683 faci-⁵

23 2707 35 2722 “
58 2696 230 2753 ⁴litatem
250 2697 461 2767 quandam
482 2715 523 2748 et
547 2707 678 2751 animi
699 2711 953 2771 aequitatem
985 2710 1030 2752 in
1063 2702 1332 2752 admittendis
1359 2723 1457 2770 pro-

22 2768 25 2774 ’
65 2767 293 2836 bandisque
325 2767 563 2829 sententiis,
607 2790 708 2838 quas
735 2776 931 2821 homines
964 2774 1160 2820 historiae
1191 2788 1232 2819 et
1264 2778 1455 2839 priorum

853 2845 934 2907 Qq
975 2860 995 2900 3
1322 2841 1452 2888 sacru„
