1786 3126
245 59 327 113 184
666 51 951 128 VALESJT
997 53 1228 99 NOTAE

360 187 440 224 103.
467 186 509 222 2„
534 168 652 224 Πλὴν
679 168 756 214 τῶν
773 167 878 214 κατ-οὲ
900 167 1137 228 Πηλόσιον.)
1187 171 1432 216 Antiochus
1456 169 1651 230 Epiphai

247 239 325 282 nes
347 237 390 279 in
413 237 552 292 priore
574 235 646 276 illa
666 234 940 290 expeditione
951 236 1221 292 Aegyptiaca
1241 235 1390 277 maiori
1414 235 1649 279 calliditate

245 308 291 342 et
309 300 459 342 astutia
476 299 572 340 vsus
596 297 788 352 videtur,
822 310 943 352 quam
962 311 1110 353 regem
1129 298 1330 352 decebat,
1361 305 1406 340 vt
1428 297 1650 355 Hierony-

246 377 345 407 mus
367 361 509 418 paffim
534 362 577 402 in
599 374 689 416 cap.
712 374 776 402 x1.
837 359 1030 403 Danielis
1054 362 1285 402 memorat:
1318 365 1357 402 et
1375 365 1462 402 tam
1473 359 1650 403 callidus

236 425 351 482 fuit,
387 430 430 467 vt
446 422 591 479 ρνιισῖε
595 429 669 464 ztes
690 423 952 478 cogitationes
974 436 1131 476 eorum,
1154 425 1222 480 qui
1242 421 1362 466 duces
1379 423 1500 478 pueri
1518 427 1652 479 erant,
1655 452 1665 464 r

236 487 320 547 sua
331 486 491 543 fraude
504 486 790 543 subuerteret.
831 486 948 527 Idem
969 486 1109 527 scribit
1130 486 1338 541 Iosephus
1373 485 1446 528 lib.
1468 499 1520 528 12.
1540 486 1663 528 anti->

249 553 485 607 quitatum,
521 545 725 600 γενόμενος
747 543 790 592 {u
814 544 919 599 μετοῖ
941 547 1087 606 πώλης
1109 544 1306 600 δυνάμεως
1323 565 1426 591 κατα
1444 545 1490 592 τὸ
1503 544 1655 605 1*qu-

248 631 343 663 σιον,
357 614 434 687 Ἀρι(
459 609 558 670 δόὶῳ
577 610 644 655 τὸν
666 607 1172 669 ΦιλομήτοραΠτολεμαῖον
1194 606 1419 671 περιελθων
1439 613 1654 665 καταλαμ-

247 672 362 733 βαίνει
383 694 452 730 την
472 677 691 725 Αἴγυπτον.

365 738 471 780 Ibid.
497 750 540 787 25
585 734 723 782 Adrum
734 754 899 781 nocam
906 737 928 792 )
960 736 1089 780 Deest
1108 735 1363 779 adieffiuum
1375 770 1387 794 ,
1404 743 1508 793 pute
1523 733 1656 780 οἰδοιιιῖ-

247 819 349 856 uae,
374 810 447 843 aut
466 802 567 855 quid
589 800 735 842 ssmile.
943 818 946 823 ·

368 878 450 913 104.
473 875 527 915 ιγ.
560 863 795 906 Ἀπέθανον
815 859 1037 918 νεννααως.)
1070 862 1224 904 Narrat
1237 862 1386 905 Liuius
1411 862 1481 906 lib.
1501 874 1564 913 45.

369 938 523 975 105.15.
555 922 697 970 Δείνων
717 927 785 982 κςή
805 921 1097 983 Πολυάρατος)
1152 926 1320 967 Horum
1347 927 1541 969 meminit
1571 925 1656 967 Po-

250 988 426 1045 lybius
417 1002 461 1030 m
483 989 701 1044 excerptis
719 988 987 1043 legationum
1008 1003 1094 1030 non
1111 988 1261 1042 semel,
1284 997 1328 1030 et
1338 987 1487 1032 Liuius
1499 988 1571 1032 lib.
1581 1001 1653 1039 44.

251 1052 321 1093 vbi
340 1064 561 1106 perperam
581 1051 775 1092 scribitur
795 1050 958 1104 Dione,
980 1065 1057 1106 pro
1071 1048 1253 1094 Dinone.

374 1118 459 1155 106.
483 1117 545 1154 26.
577 1109 643 1157 Ti}
661 1110 738 1167 νοὶρ
756 1114 928 1156 Han-Ma.
932 1114 954 1167 )
986 1113 1268 1156 Emendatum
1288 1113 1348 1157 est
1369 1128 1392 1155 a
1411 1114 1552 1167 nobis,
1573 1113 1661 1157 Πο-

252 1175 386 1228 πιλίας,
414 1176 542 1230 idque
563 1176 652 1230 ipso
675 1173 849 1216 au&0re
866 1175 1074 1231 Polybio,
1105 1177 1176 1231 qui
1193 1189 1280 1231 cap.
1305 1189 1368 1226 92.
1389 1167 1658 1231 legationum

253 1238 298 1280 id
312 1250 638 1280 commemorat.
674 1237 790 1293 quod
810 1245 940 1292 caput
960 1246 1209 1293 excerptum
1228 1239 1286 1281 est
1304 1253 1356 1280 ex
1377 1239 1488 1280 libro
1509 1253 1567 1288 30.
1591 1238 1661 1279 hi-

220 1329 222 1331 -
253 1301 500 1352 storiarum,
534 1302 585 1342 ad
609 1314 734 1354 quem
755 1313 927 1356 quoque
947 1300 1135 1342 nostrum
1160 1298 1451 1354 fragmentum
1469 1299 1662 1356 pertine-

255 1376 306 1429 re.
315 1364 406 1404 fere
419 1365 606 1405 adducor
622 1371 665 1404 vt
676 1365 858 1416 credam,
872 1376 1125 1418 quamquam
1138 1371 1403 1418 repugnante
1414 1362 1488 1406 ms.
1499 1363 1664 1407 codice.
1676 1403 1681 1408 ,

375 1441 447 1467 ιιο
471 1441 530 1474 14·
563 1422 657 1470 Tm
676 1421 946 1479 Ἀντιγᾶνων.)
999 1425 1276 1480 Legendum,
1305 1443 1384 1470 των
1401 1420 1664 1478 Ἀντιγονεὶων
1701 1426 1706 1429 ”

256 1485 509 1542 πανηγύρεως
527 1507 568 1532 εν
589 1485 640 1544 τῆ
662 1484 836 1530 Σικυωνι.
896 1487 1133 1541 Antigonia
1156 1489 1324 1530 videtur
1350 1486 1471 1530 suiffe
1491 1489 1583 1531 dies
1601 1487 1667 1531 fe-

257 1552 346 1594 stus
382 1551 425 1592 in
449 1550 656 1591 honorem
686 1549 899 1605 Antig'oni
932 1550 1048 1605 eius,
1089 1563 1216 1605 quem
1248 1550 1460 1593 Tutorem
1490 1547 1674 1607 vocant,

257 1613 477 1656 institutus
499 1628 522 1653 a
544 1611 778 1668 Sicyoniis,

377 1689 441 1718 ιιι.
465 1688 497 1725 5.
530 1677 562 1719 Γ
564 1672 642 1723 α’ὶδς
672 1671 860 1729 Γέλος.)
908 1673 1154 1716 Existimaui
1185 1674 1298 1716 hunc
1331 1673 1414 1722 esse
1442 1672 1488 1719 C.
1522 1673 1665 1731 Sulpi-

258 1739 389 1790 tium,
424 1740 494 1793 qui
522 1751 614 1780 cum
648 1737 791 1782 Manio
824 1736 976 1792 Sergio
1006 1739 1057 1779 ad
1090 1751 1158 1778 res
1189 1736 1392 1779 Graeciae
1422 1745 1468 1780 et
1493 1737 1666 1780 confilia

261 1801 470 1844 Antiochi
491 1811 617 1856 atque
639 1800 842 1842 Eumenis
863 1801 979 1854 regis
998 1800 1260 1856 inspicienda
1288 1798 1431 1842 missus
1460 1814 1485 1842 a
1517 1800 1666 1843 senatu

261 1872 377 1916 erat,
401 1872 447 1905 vt
469 1863 611 1906 scribit
632 1863 839 1918 Polybius
852 1876 939 1918 cap.
964 1869 1044 1906 106.
1063 1871 1106 1904 et
1127 1862 1344 1905 Diodorus
1362 1876 1453 1918 cap.
1474 1877 1530 1905 αι.
1549 1862 1671 1918 lege·
1694 1907 1698 1910 ,

260 1926 430 1968 tionum
443 1958 456 1978 ‚
477 1927 592 1980 quod
612 1924 837 1980 contigifl'e
860 1926 1028 1967 videtur
1048 1926 1222 1970 Tiberio
1241 1924 1436 1968 Graccho
1449 1933 1493 1967 et
1512 1924 1671 1969 quen-

263 1989 329 2031 tio
352 1987 520 2030 Thalna
543 1987 647 2029 Coss.
683 1988 767 2028 Hic
788 1986 834 2031 C.
855 1987 1063 2042 Sulpitius
1086 1987 1236 2030 Gallus
1259 1989 1444 2030 triennio
1457 1995 1555 2030 ante
1565 2002 1670 2030 con·

265 2051 330 2094 sul
352 2049 510 2103 fuerat,
533 2060 575 2091 et
599 2051 651 2091 de
673 2049 898 2106 Liguribus
921 2052 963 2091 in
982 2050 1227 2105 magistratu
1251 2049 1541 2105 triumpharat.
1598 2049 1670 2096 Ex

267 2127 354 2169 quo
375 2114 504 2156 etiam
526 2113 821 2168 consequitur,
839 2121 964 2168 caput
987 2113 1094 2155 illud
1123 2113 1394 2168 legationum
1423 2112 1595 2168 Polybii
1616 2111 1671 2155 ad

265 2176 420 2221 librum
442 2189 492 2224 31.
516 2177 737 2230 pertinere.

383 2238 490 2280 Ibid.
513 2252 564 2287 33·
598 2239 666 2282 Ἐν
691 2233 889 2292 Τοίβοιις.)
933 2237 1226 2294 Hieronymus
1259 2238 1303 2279 in
1332 2245 1461 2294 caput
1481 2243 1549 2281 x'r.
1582 2237 1672 2280 Da-

266 2302 394 2344 nielis
418 2303 470 2343 de
493 2303 586 2344 eius
612 2309 750 2343 morte
779 2315 826 2342 ac
857 2301 957 2342 loco
989 2302 1134 2341 eadem
1169 2301 1323 2344 scribit.
1388 2301 1538 2343 Valens
1571 2307 1674 2342 tem·

262 2366 379 2421 plum
398 2364 563 2406 Dianae
583 2363 765 2420 spoliare
777 2399 785 2409 .,
820 2362 929 2420 quod
957 2363 1116 2419 infinita
1146 2362 1326 2405 donaria
1356 2361 1555 2417 habebat,
1595 2362 1674 2419 fu·
1726 2410 1729 2412 ,

267 2433 396 2482 gatus
430 2440 457 2469 a
486 2426 683 2469 barbaris
715 2427 792 2483 est,
827 2427 896 2482 qui
927 2427 1036 2467 mira
1067 2427 1321 2467 veneratione
1355 2428 1544 2481 templum
1569 2422 1674 2468 illud

259 2488 531 2546 suspiciebant
586 2496 626 2531 et
643 2495 828 2531 mortuus
851 2489 901 2545 est
928 2502 1109 2530 moerore
1130 2487 1355 2539 confiamtus
1383 2491 1427 2531 in
1452 2489 1580 2531 Tabes
1601 2502 1674 2543 op-

263 2551 365 2607 pido
390 2551 582 2608 Perfidis.
640 2553 828 2608 Apparet
851 2552 894 2592 in
927 2552 1078 2593 codice
1106 2550 1300 2603 Graeco,
1329 2566 1382 2593 ex
1412 2566 1496 2607 quo
1531 2550 1673 2593 sumfit

271 2613 568 2671 Hieronymus
583 2649 595 2669 ,
618 2615 817 2671 scriptum
836 2613 956 2655 fuisse
979 2619 1022 2658 ἐν
1046 2612 1197 2668 Τοῖβες.
1259 2614 1331 2656 Est
1365 2623 1507 2657 autem
1529 2613 1672 2656 Tabas

273 2677 479 2732 oppidum
495 2679 540 2721 in
565 2681 818 2723 Paretacene
842 2677 1015 2733 Vltima,
1036 2687 1082 2720 vt
1104 2675 1345 2720 aitCurtius
1366 2677 1436 2720 lib.
1448 2690 1494 2720 ν.

1606 2751 1676 2780 112.
1724 2788 1733 2791 „
