1786 3126
322 171 409 234 ὁρ
760 169 1291 218 υΕοῐοΑἸ-’ῐο

322 304 425 334 cum
445 284 541 352 ipso
561 289 808 335 mereantur
820 291 1054 354 componi,
1088 291 1292 355 anteponi
1302 278 1589 355 certe-nulline.
1620 291 1732 338 Scri·

322 370 428 424 ptor
454 355 552 414 ille,
575 372 719 404 nom
733 374 801 404 ΝΕ
815 395 827 415 ,
847 361 880 403 is
902 355 990 424 ipse
1013 356 1096 418 est,
1125 362 1200 424 qui
1227 356 1435 405 maiestati
1453 371 1551 405 tuae
1572 374 1731 406 nunca

324 442 399 473 me
420 421 624 484 offertur,
647 443 710 474 ro
722 444 746 472 ι
759 444 787 474 Y
800 443 848 473 31
860 445 890 474 v
902 444 948 487 ³3
983 441 1025 474 et
1043 445 1066 474 a
1090 430 1258 495 generis
1276 423 1527 493 splendore,
1548 426 1733 476 etabin-
1785 429 1786 441 ³

324 493 486 543 structu
510 493 829 561 disciplinarum
845 534 858 553 ,
876 509 917 542 et
939 514 962 543 a
982 496 1106 544 rebus
1126 495 1252 563 gestis
1267 535 1277 550 ,
1316 495 1430 543 crab
1449 499 1614 564 ingenii
1632 513 1732 544 mo-

324 568 570 621 numentis,
611 572 676 612 vir
708 578 751 612 et
781 563 1061 631 philosophus
1092 562 1401 618 nobilissimus:
1455 564 1571 613 idem
1602 561 1732 631 pacis,

323 630 442 681 idem
472 631 574 681 belli
604 634 785 694 artibus,
825 632 941 682 idem
971 632 1211 682 studiorum
1245 632 1370 681 laude
1398 632 1474 680 lon
1505 651 1529 682 e
1561 631 1732 682 clariffia

323 720 448 763 mus;
482 707 640 769 patriae
670 701 791 762 suae,
824 703 1001 770 reipubl.
1023 705 1334 763 Achaeorum,
1351 651 1574 769 quondam
1607 701 1732 751 bonis

323 770 525 819 institutis
543 770 888 830 florentissimae,
917 778 984 820 cui
1006 775 1131 819 huius
1150 786 1270 838 pater
1291 775 1496 833 Lycortas
1516 771 1591 819 diu
1611 777 1733 839 prin-

322 858 420 906 ceps
439 840 646 907 praefuit,
670 859 764 907 pars
786 846 1001 888 maxima:
1030 847 1102 908 qui
1123 845 1315 908 Scipioni
1343 839 1574 900 Africano,
1594 858 1617 888 a
1638 857 1728 908 quo

322 907 459 957 deleta
479 910 538 957 est
556 912 798 978 Carthago,
821 929 843 957 a
865 910 1050 958 confiliis
1074 916 1236 958 amicus
1261 909 1370 969 fuit,
1399 923 1444 958 et
1453 914 1510 958 'it-1
1529 927 1578 958 ea
1598 924 1728 977 expe-

310 978 490 1027 ditione
509 997 681 1027 comes:
715 984 789 1046 qui
811 983 857 1026 in
868 985 1064 1028 amicitiis
1077 997 1253 1046 regum,
1275 977 1461 1036 ducum,
1481 991 1729 1046 procerum,

321 1051 614 1107 Graecorum,
665 1049 963 1096 Romanorum
977 1089 990 1108 ,
1039 1048 1350 1106 Afiaticorum,
1393 1052 1727 1115 Aegyptiorum,

321 1116 466 1183 quoad
487 1122 619 1176 vixit,
641 1122 801 1182 primas
822 1123 981 1164 tenuit:
1014 1117 1237 1183 postremo
1249 1116 1486 1183 postquam·
1499 1116 1633 1175 obiit,
1650 1132 1732 1184 po-

321 1185 477 1245 liticis,
518 1185 693 1234 bellicae
723 1190 785 1232 rei
817 1185 1032 1243 studiofis‚
1058 1203 1182 1234 verae
1213 1200 1256 1234 et
1283 1185 1502 1254 legitimae
1527 1184 1731 1234 historiae

321 1256 562 1304 amantibus
575 1296 587 1315 ,
618 1253 723 1302 dum
743 1252 840 1302 suus
859 1253 990 1301 literis
1014 1255 1153 1303 honos
1174 1254 1327 1313 stabat,
1347 1259 1469 1302 vnice
1489 1253 1666 1303 dilectus
1687 1267 1731 1303 et

355 1325 536 1373 robatus.
606 1327 738 1372 Hunc
779 1327 1006 1371 communi
1044 1322 1138 1370 fato
1175 1327 1380 1370 omnium
1421 1323 1728 1371 excellentium

320 1345 582 1461 {cripturam
596 1434 608 1452 ,
628 1392 805 1460 pessime
826 1390 1114 1459 superioribus
1141 1389 1313 1440 saeculis
1333 1406 1560 1459 acceptum
1575 1430 1589 1449 ,
1618 1404 1662 1440 et
1680 1396 1728 1439 in

321 1463 465 1512 nostra
507 1467 682 1529 Europa
713 1467 784 1509 vix
816 1461 870 1509 de
905 1467 1088 1510 nomine
1125 1465 1269 1528 paucis
1299 1474 1476 1521 notum,
1525 1460 1728 1528 Nicolaus

320 1536 529 1600 Qintus‚
550 1531 707 1579 vindex
728 1531 801 1578 ille
820 1531 1040 1579 literarum
1058 1534 1249 1598 primus,
1278 1529 1386 1578 fecit
1407 1533 1539 1590 tanti,
1573 1541 1620 1577 vt
1640 1533 1730 1586 eius

321 1601 503 1652 restituti
524 1601 710 1668 gloriam
740 1599 793 1647 ad
822 1614 985 1647 ceteros
1017 1598 1195 1647 laudum
1218 1598 1390 1646 suarum
1409 1598 1557 1647 titulos
1580 1598 1730 1646 volue-

320 1676 378 1720 rit
408 1669 620 1719 accedere.
686 1671 831 1734 Itaque
860 1681 1029 1733 partem
1063 1668 1177 1715 illius
1204 1667 1418 1716 librorum
1445 1667 1631 1733 aliquam
1652 1684 1729 1715 na·
1771 1706 1774 1707 γ

320 1743 412 1790 <stus
425 1779 437 1799 ,
458 1745 547 1787 eius
569 1743 615 1786 in
633 1740 835 1785 Latinum
854 1736 1098 1784 sermonem
1119 1735 1459 1794 transferendae,
1480 1741 1575 1784 viro
1595 1738 1771 1804 Grae-'¹'

315 1829 394 1859 vcae
424 1823 467 1857 ct
492 1811 712 1856 Romanae
739 1806 933 1873 linguae,
976 1819 1021 1852 vt
1045 1819 1133 1852 erat
1153 1819 1298 1872 captus
1320 1809 1408 1852 eius
1428 1811 1572 1854 aetatis
1587 1843 1600 1864 ,
1632 1823 1728 1865 non

321 1884 472 1947 ignaro
486 1916 499 1932 ‚
520 1894 675 1924 munus
696 1874 920 1943 delegauit.
986 1874 1274 1942 Magnificum
1294 1873 1355 1921 est
1371 1873 1424 1921 ad
1443 1873 1727 1922 commenda-

320 1954 489 1996 tionem
523 1945 747 2002 historiae‚
774 1943 892 2011 quod
920 1943 991 1991 vbi
1017 1948 1210 2010 primum
1238 1943 1456 1991 literatura
1480 1941 1642 2007 melior
1671 1960 1726 1991 ex
1774 1942 1786 1947 '¹

321 2016 420 2084 ipfis
448 2020 541 2063 orci
565 2013 757 2062 faucibus
777 2013 1006 2079 incipiebat
1027 2017 1163 2078 eripi3
1199 2016 1401 2061 omnium
1424 2017 1563 2077 prima
1583 2029 1730 2072 nouae

319 2086 426 2133 lucis
454 2083 715 2131 beneficium
755 2097 952 2149 experta,
987 2095 1145 2129 ceteras
1178 2081 1374 2128 honestas
1399 2078 1638 2148 disciplinas
1669 2078 1725 2129 ad

319 2153 440 2222 spem
471 2150 611 2200 salutis
642 2155 788 2199 erexit.
855 2149 1142 2217 Magnificum
1173 2163 1216 2197 et
1249 2148 1490 2217 gloriosum
1523 2149 1724 2212 Polybio,

1776 1844 1786 1871 't

1777 1896 1786 1916 ἒ

1779 1923 1783 1937 r

1769 1967 1786 2043 <25

1767 2051 1786 2111 ε

1770 2115 1786 2208 ἐ

320 2222 439 2292 quod
464 2227 574 2269 inter
593 2237 750 2268 omnes
779 2217 841 2266 sui
862 2224 1029 2286 generis
1050 2217 1298 2285 scriptores,
1316 2223 1479 2286 primus
1499 2217 1726 2286 indulgen·
1762 2243 1786 2297 ξ

321 2295 662 2358 tiatn.principis
695 2287 747 2335 ad
781 2289 1079 2335 liberationem
1108 2286 1322 2335 musarum
1349 2285 1436 2336 sese
1464 2291 1724 2355 accingentis
1768 2300 1783 2330 τ

321 2364 572 2431 promeruit.
654 2356 737 2405 Sed
766 2362 977 2404 nimirum
1007 2375 1151 2404 rerum
1190 2375 1444 2424 magnarum
1482 2355 1591 2405 tardi
1625 2353 1725 2404 sunt
1766 2338 1786 2381 ’ί

322 2425 590 2500 progress'us3
618 2424 802 2492 ¹raroque
826 2441 912 2472 tam
932 2427 1039 2474 bene
1063 2444 1163 2472 cum
1177 2427 1367 2473 humano
1387 2443 1544 2492 genere
1565 2429 1721 2494 agitur,

322 2515 367 2549 vt
388 2506 556 2564 incepta
577 2493 776 2563 generosa
797 2496 847 2541 ab
871 2500 945 2552 iis,
978 2500 1050 2562 qui
1073 2493 1362 2561 susceperunt,
1382 2491 1595 2542 inoffenso
1611 2493 1721 2561 pede

320 2570 461 2617 statim
483 2566 538 2614 ad
561 2560 694 2614 finem
715 2564 1009 2630 perducantur.
1075 2568 1218 2629 Qtare
1244 2568 1380 2611 ⁴etiam
1403 2563 1611 2621 Nicolao,
1640 2564 1721 2610 Po-

321 2639 434 2689 lvbii
464 2636 777 2685 restitutionem
810 2634 1032 2690 molienti,
1078 2632 1211 2680 multa
1243 2631 1337 2680 sunt
1366 2632 1506 2679 oblata
1539 2627 1719 2696 impedi-

322 2694 491 2763 menta,
520 2723 611 2771 quo
639 2708 778 2750 minus
807 2702 924 2769 quod
955 2702 1126 2768 optabat
1156 2698 1294 2767 posset
1323 2701 1541 2766 perficere.
1603 2699 1718 2746 Nam

323 2795 464 2843 quum
481 2778 626 2839 operis
656 2772 906 2834 Polybium,
940 2770 1058 2837 quod
1082 2771 1225 2817 nostra
1249 2764 1418 2817 exhibet
1441 2768 1609 2826 editio,
1633 2780 1719 2844 tres

368 2855 371 2857 ’
1644 2842 1723 2881 lmt
