1786 3126
328 123 411 179 036
762 99 1288 172 DEDICATIo

323 235 409 286 effe
436 237 626 288 locutum
655 252 696 287 et
731 237 922 288 sexcenta
962 239 1200 289 istiusmodi
1232 251 1438 307 portenta.
1490 237 1593 308 quid
1623 239 1726 294 isia?

326 306 560 356 Hannibali
582 321 624 356 et
641 311 831 374 Scipioni
856 307 1062 358 Africano
1080 308 1343 377 praesentem
1373 308 1502 357 deum
1534 306 1722 358 affuiss'e:

326 375 390 424 illi
412 376 540 442 Alpes
564 373 759 443 superare
778 383 928 425 nitenti
947 393 1072 445 atque
1097 379 1313 436 haerenti,
1346 382 1458 426 viam
1485 374 1725 444 praeiuiffe,

327 448 429 493 huic
455 448 756 513 Carthaginem
784 465 946 496 nouam
974 462 1137 496 temere
1165 447 1408 509 inuadenti,
1438 464 1562 513 aquas
1591 450 1722 495 maris

325 511 574 567 subduxisse,
641 516 869 582 Eleganter
888 535 978 564 non
999 520 1165 576 minus,
1186 533 1315 583 quam
1341 533 1438 564 vere
1459 514 1567 564 solet
1594 513 1722 577 Poly-
1773 542 1775 544 ·

325 583 418 631 bius
440 582 600 643 dicere,
620 582 839 651 scriptores
860 585 1102 644 annalium,
1136 591 1207 651 qui
1229 584 1327 632 talia
1353 586 1507 633 chartis
1534 581 1617 632 suis
1638 583 1723 632 illi-

325 666 456 712 nunt,
482 652 720 720 tragoedias
742 673 831 701 non
856 653 1047 702 historias
1069 671 1344 721 componere.
1377 671 1477 702 nam
1503 665 1550 713 vt
1571 655 1721 720 tragici

322 722 476 789 poetae
493 722 716 790 postquam
737 724 895 771 turbata
918 721 1011 771 suut
1028 728 1202 781 omnia,
1229 736 1270 772 et
1291 721 1433 770 fabula
1459 721 1519 769 est
1538 719 1721 787 impedi·

323 805 388 849 ta,
410 804 532 857 atque
555 809 601 837 ea
623 790 734 839 faeta
756 791 840 851 est,
870 811 996 858 quam
1015 791 1297 858 Philosophus
1328 786 1438 844 δέων
1463 794 1526 845 er?
1549 785 1721 860 δράμοι·

320 882 398 913 τος
417 860 623 926 appellat,
649 874 691 908 vt
713 865 874 908 exitum
895 866 1137 918 inueniant,
1159 874 1200 908 et
1218 858 1474 926 speClatores
1485 856 1720 920 absoluant‚

322 929 407 976 deo
440 928 631 995 indigent
653 942 694 977 et
722 932 941 982 machina:
987 929 1043 976 fic
1074 928 1363 995 imprudentes
1396 927 1614 985 historici,
1647 926 1720 975 vbi
1771 976 1775 982 ,

321 995 514 1044 summos
545 997 669 1044 duces
690 1016 845 1065 magna
872 996 966 1045 ausa
997 997 1176 1046 consilio
1205 1002 1460 1058 temerarie,
1498 1009 1570 1044 aut
1596 994 1721 1043 nullo

322 1065 483 1113 adoriri
504 1065 721 1125 fecerunt3
757 1066 981 1133 postquam
1000 1065 1051 1113 ad
1073 1084 1218 1114 rerum
1238 1066 1502 1114 difficultates
1531 1064 1591 1112 est
1618 1080 1720 1112 ven-

322 1148 440 1193 tum,
463 1148 506 1181 vt
525 1132 609 1181 sese
631 1134 880 1199 expediant,
911 1140 1072 1200 tragico
1101 1135 1177 1182 illo
1202 1133 1386 1182 subfidio
1412 1152 1522 1201 opus
1550 1133 1718 1181 habent.

321 1204 406 1250 Sed
429 1217 470 1251 et
491 1203 607 1269 vulgi
640 1207 830 1269 imperiti
862 1201 1096 1269 causs‘asque
1123 1222 1267 1256 rerum
1300 1207 1536 1271 ignorantis
1563 1207 1718 1269 opinio

322 1286 435 1331 erat,
457 1274 539 1320 boe
561 1274 696 1318 diuini
719 1271 865 1319 auxilii
879 1284 1130 1319 commento
1147 1279 1302 1319 eorum
1322 1276 1514 1320 virorum
1526 1270 1718 1339 ‘gloriam

322 1346 484 1388 mirum
506 1347 551 1389 in
576 1339 760 1388 modum
782 1346 947 1408 augeri,
980 1349 1087 1407 quos
1117 1345 1242 1387 omni
1268 1339 1393 1388 laude
1421 1338 1620 1389 volebant
1638 1340 1719 1387 ho·

321 1410 495 1458 nessare.
530 1409 831 1458 historicorum
862 1424 1007 1458 autem
1027 1408 1255 1456 leuissimus
1283 1414 1460 1476 quisque
1478 1421 1551 1456 aut
1578 1405 1720 1474 super-

319 1477 611 1527 stitiosissimus
620 1517 632 1536 ,
651 1478 837 1526 tenendo
851 1493 892 1526 et
907 1477 1161 1526 oblecftando
1177 1478 1329 1526 lediori
1338 1516 1351 1535 ‚
1371 1476 1578 1526 mirabilia
1589 1485 1719 1545 quam

320 1565 419 1595 vera
440 1566 607 1594 narrare
626 1553 905 1615 praeoptauit.
940 1546 999 1595 est
1017 1564 1200 1613 namque
1220 1549 1430 1594 humanae
1460 1558 1635 1594 naturae
1656 1549 1718 1594 vi·
1784 1602 1786 1609 Ι

320 1621 456 1674 tium,
477 1635 590 1675 rara,
610 1615 796 1663 inaudita
811 1655 823 1675 ‚
854 1615 1034 1672 indidia,
1067 1630 1108 1663 et
1129 1628 1173 1662 vt
1191 1621 1249 1662 ait
1269 1613 1489 1673 Isocrates,
1519 1615 1612 1669 τοὶς
1637 1634 1724 1667 πει,
1785 1613 1786 1616 ’

318 1686 592 1755 ξιττότητως
621 1678 700 1748 καὶ
731 1687 1105 1753 θαυματοποιΐοις
1139 1702 1292 1731 amare-
1369 1687 1427 1731 At
1461 1682 1604 1731 noster
1630 1684 1720 1740 hle,

317 1753 555 1803 solidissimi
578 1754 722 1801 iudicii
747 1758 838 1812 vir,
859 1767 903 1800 vt
924 1753 995 1806 illa
1017 1771 1098 1819 pro
1120 1750 1290 1799 friuolis
1322 1753 1519 1810 haberet,
1543 1764 1586 1799 et
1613 1768 1716 1798 cou-

318 1829 493 1871 trariam
513 1822 709 1870 narrandi
728 1827 842 1869 viam
856 1820 1169 1889 ingrederetur,
1202 1821 1274 1868 ille
1291 1840 1422 1888 quem
1440 1818 1713 1888 exposuimus
1779 1823 1781 1827 ’

320 1897 506 1939 veritatis
528 1910 674 1949 amor,
710 1904 749 1939 et
770 1895 923 1938 notitia
946 1887 1176 1938 caussarum
1207 1887 1450 1939 effecerunt.
1515 1891 1603 1956 Qi
1631 1891 1714 1955 igi-

318 1975 388 2008 tur
409 1959 553 2018 sciret,
573 1958 682 2006 falso
706 1960 788 2008 dici
806 1965 997 2026 primum
1021 1958 1305 2007 Hannibalem
1322 1977 1421 2006 cum
1442 1961 1624 2005 exercitu
1638 1956 1712 2003 Al.
1778 2007 1786 2014 ⁴

317 2047 392 2096 pes
411 2025 635 2084 traieciffe‚
670 2046 770 2095 quas
798 2028 938 2076 multo
969 2041 1064 2075 aute
1093 2046 1185 2074 non
1214 2026 1345 2074 semel
1375 2025 1511 2082 Galli,
1546 2024 1710 2073 Italiam

316 2093 530 2165 petentes,
571 2115 668 2143 cum
705 2103 869 2163 magnis
896 2101 1029 2162 copiis
1061 2095 1376 2161 fiiperauerant3
1418 2092 1540 2142 sciret
1566 2099 1713 2152 etiam,

315 2164 687 2237 prudentissimum
708 2165 828 2212 illum
849 2169 1057 2221 Poenum,
1078 2169 1320 2230 priusquam
1341 2182 1390 2211 ex
1413 2161 1616 2230 Hispania
1635 2181 1710 2229 pe-

319 2235 434 2284 ‘dem
448 2247 662 2290 moueret,
687 2232 818 2280 missis
839 2233 890 2279 ad
911 2233 1054 2280 Gallos
1070 2273 1081 2291 ,
1100 2237 1171 2299 qui
1191 2237 1250 2279 cis
1270 2246 1312 2280 et
1342 2247 1453 2280 trans
1478 2231 1608 2298 Alpes
1637 2234 1710 2278 ha-

317 2305 527 2354 bitabant,
547 2302 716 2370 legatis3
751 2302 872 2348 rebus
897 2302 1096 2349 omnibus
1116 2315 1236 2348 tanto
1271 2305 1444 2368 incepto
1474 2298 1708 2348 neceffariis

315 2368 574 2443 prouidiffe,
616 2375 910 2417 narrationem
942 2370 1053 2416 illius
1085 2370 1365 2435 expeditionis
1404 2368 1708 2418 miraculorum

317 2442 493 2508 quidem
516 2459 687 2487 vacuam
702 2479 712 2497 ‚
742 2437 812 2486 sed
843 2439 1029 2486 summae
1056 2437 1305 2505 prudentiae
1323 2438 1494 2505 plenam
1514 2437 1706 2484 instituit.

317 2515 566 2577 Scipionem
617 2526 785 2576 quoque
828 2513 1070 2573 priusquam
1116 2507 1166 2554 ab
1210 2508 1310 2554 vrbe
1355 2505 1703 2573 proficisceretur,

319 2598 471 2629 omues
511 2583 785 2645 negotiorum
819 2576 1081 2624 difficultates
1117 2577 1251 2642 probe
1282 2576 1558 2634 meditatum3
1611 2590 1703 2620 non

315 2648 553 2701 miraculo,
580 2644 650 2693 fed
668 2645 901 2693 admirabili
925 2643 1107 2711 quadam
1141 2643 1360 2709 prudentia
1384 2642 1606 2710 Hispanias
1627 2639 1703 2687 do·
1736 2640 1741 2641 ⁷

317 2714 471 2768 muiffe
491 2715 700 2765 ostendit:
744 2728 784 2763 et
808 2733 956 2764 eorum
969 2755 983 2776 ‚
1002 2732 1109 2782 quae
1124 2712 1282 2768 scribit,
1300 2713 1489 2764 Laelium
1511 2707 1704 2762 Africani

1500 2779 1707 2827 alliduum
1772 2787 1779 2796 ²
