1786 3126
295 358 658 422 VALESII
722 356 1251 416 PRAEFATIO

265 483 268 486 ,
730 493 749 524 ¹
784 483 859 522 n·

73 584 629 660 EXCERPTA
756 583 1481 659 PEIRESCIANA.

681 761 867 772 —-—

74 864 270 1050 Etsi
292 879 337 923 in
355 888 611 944 argumento
630 877 756 924 huius
777 875 875 923 libri
906 872 1000 923 satis
1029 874 1237 945 superque
1271 893 1315 928 et
1344 879 1480 930 confla

255 945 359 992 lium
377 944 646 1002 colledmis,
679 959 721 992 et
743 944 1010 993 collectionis
1037 945 1148 994 ordo
1180 965 1230 995 ac
1251 949 1480 998 methodus

253 1018 460 1080 aperitur,
480 1031 612 1080 pauca
625 1029 768 1062 tamen
783 1033 881 1062 cum
902 1012 956 1061 de
965 1015 1251 1065 Constantino
1266 1016 1377 1084 ipso,
1401 1021 1482 1067 hu·

73 1087 142 1133 ius
163 1083 427 1132 eollec‘iionis
445 1085 643 1142 audiore,
675 1097 768 1130 tum
791 1082 844 1131 de
875 1081 1066 1132 editione
1094 1085 1238 1133 nostra
1265 1090 1337 1135 hie
1358 1105 1481 1154 prae-

73 1152 157 1203 fari
182 1150 316 1200 visum
348 1150 420 1200 est.
486 1156 622 1219 Igitur
649 1151 953 1199 Constantinus
977 1152 1190 1218 Augustus
1217 1156 1373 1202 Leonis
1391 1161 1482 1204 Au-

74 1221 183 1291 gusti
205 1221 318 1270 filius
338 1219 447 1280 fuit,
479 1220 615 1268 Basilii
630 1221 807 1286 Augusti
830 1236 990 1285 nepos:
1025 1219 1134 1268 vnde
1145 1222 1487 1294 ποφόξωςαῖπὸ..

71 1312 198 1356 'ymos-
220 1294 267 1338 in
285 1305 542 1357 argumento
562 1291 686 1336 huius
708 1288 804 1338 libri
828 1287 1006 1346 dicitur,
1038 1307 1086 1336 ac
1105 1290 1238 1358 vulgo
1261 1306 1483 1365 ποξφυςο.

73 1363 269 1424 γέννης-ος
294 1362 638 1424 cognominatur.
670 1356 744 1418 (fic
762 1362 878 1405 enim
891 1357 1006 1404 malo
1026 1357 1192 1415 dicere,
1227 1380 1356 1428 quam
1378 1381 1479 1411 cum

74 1427 166 1474 aliis
177 1425 604 1497 ποςφυρογεννῆτην)
636 1429 722 1474 Hic
732 1445 829 1473 cum
851 1425 1088 1474 admodum
1107 1446 1215 1494 puer
1234 1448 1257 1476 a
1277 1444 1398 1496 patre
1420 1430 1481 1480 es-

74 1494 137 1546 set
160 1494 408 1551 dei-elifius,
445 1496 654 1542 tutoribus
673 1493 885 1543 suminam
903 1500 1098 1561 imperii,
1126 1509 1172 1544 vt
1187 1495 1280 1546 fere
1298 1499 1377 1557 fit,
1407 1518 1481 1567 pe·

77 1582 154 1612 nes
172 1562 214 1611 se
236 1563 537 1620 retinentibus,
571 1563 668 1611 lene
688 1582 738 1611 ac
755 1562 975 1630 placidum
998 1569 1220 1633 ingenium
1243 1566 1296 1616 ad
1329 1570 1481 1617 huma·
1531 1619 1537 1631 k

75 1637 251 1682 niorum
277 1636 431 1680 artium
458 1630 591 1679 studia
613 1633 806 1680 contulit.
873 1635 924 1680 In
940 1634 1091 1698 quibus
1114 1653 1212 1682 cum
1243 1655 1481 1704 magnope·
1511 1634 1539 1675 ⁴³5

58 1716 125 1751 ’τε
146 1698 389 1768 profecisset
401 1739 414 1759 ‚
433 1700 537 1764 (fuit
557 1705 673 1748 enim
686 1701 886 1749 omnibus
905 1700 1138 1769 disciplinis
1156 1705 1480 1771 excultiss'imus)

77 1768 248 1819 tandem
273 1769 495 1818 confilium
518 1769 687 1836 prorsus
706 1776 826 1837 regio
849 1776 1001 1818 animo
1025 1772 1206 1839 dignuin
1229 1779 1365 1841 cepit,
1390 1793 1479 1841 quo

78 1857 172 1888 non
209 1838 282 1886 fibi
315 1836 484 1896 solum,
537 1836 608 1885 sed
637 1844 764 1886 etiam
798 1839 988 1887 studiofis
1020 1843 1223 1888 omnibus
1253 1842 1480 1910 prodesset.

76 1910 274 1958 Primum
294 1912 433 1974 itaque
458 1911 726 1973 optimorum
755 1907 1009 1975 scriptorum
1041 1916 1085 1956 in
1110 1916 1243 1968 omni,
1257 1911 1478 1962 doc'lrinao

60 1994 235 2046 genere
266 1974 522 2043 exemplaria
537 2017 550 2036 ,
583 1995 689 2043 quac
711 1982 794 2024 iam
815 1992 909 2025 tum
931 1979 988 2024 ob
1005 1977 1248 2044 frequentes
1279 1982 1479 2031 barbaro·

79 2062 176 2095 rum
199 2043 418 2102 excursus,
444 2046 690 2111 crebrasque
710 2046 877 2093 vrbinm
897 2047 1145 2095 vastationes
1162 2055 1322 2100 rariora
1345 2065 1479 2110 erant,

81 2111 267 2181 vndique
285 2114 561 2182 eonquifiust,
590 2119 722 2180 iisque
742 2115 971 2165 Palatinam
1000 2116 1300 2167 bibliothecam
1329 2122 1478 2168 instru-

82 2186 171 2240 xit,
192 2200 282 2231 non
294 2183 428 2250 inagis
449 2188 655 2250 principis
675 2183 800 2250 ipfius
813 2223 826 2243 ,
845 2203 970 2249 quam
991 2185 1165 2252 publico
1177 2195 1374 2236 omnium
1390 2187 1480 2237 vsui
1543 2202 1548 2206 '

83 2249 276 2299 dicatam.
353 2251 522 2300 Deinde
559 2271 656 2301 cuni
690 2266 802 2300 tanta
834 2267 1006 2321 tamque
1036 2254 1239 2304 immensa
1267 2257 1482 2305 librorum

81 2317 219 2368 moles
247 2317 469 2387 plerosque
488 2340 510 2368 a
532 2320 716 2388 legendo
737 2320 987 2380 deterreret,
1022 2322 1134 2389 ipse,
1164 2340 1209 2371 vt
1239 2331 1485 2395 principem·

82 2386 246 2445 decuit,
271 2386 529 2453 singulorum
552 2389 778 2437 vtilitatiac
789 2391 1053 2457 compendio
1071 2392 1314 2452 consulens,
1334 2397 1482 2441 aucffo.

83 2473 149 2506 res
171 2473 346 2513 omnes,
379 2461 452 2523 qui
471 2455 585 2505 idem
606 2475 903 2524 argumentum
931 2463 1236 2518 uastauerant,
1272 2467 1318 2509 in
1344 2479 1479 2514 vnum
1546 2482 1553 2488 ·

83 2530 301 2592 compegit
322 2541 496 2590 corp11S‚
516 2524 679 2574 resediis
700 2526 944 2593 superfluis,
963 2548 1012 2576 ac
1032 2527 1193 2582 selec'iis
1213 2547 1264 2577 ex
1283 2547 1482 2598 vnoquo-

82 2610 168 2660 que
194 2590 400 2659 scriptore
422 2598 473 2639 iis
496 2593 621 2650 locis,
654 2613 760 2660 quae
789 2601 966 2661 quisque
1000 2597 1299 2663 elegantissime
1333 2602 1486 2653 traditi.-

54 2713 59 2726 ,
83 2657 222 2712 titii-at.¹
282 2661 415 2711 Tales
438 2659 532 2710 sunt
559 2668 828 2731 γεωπονικῶν
849 2665 945 2715 libri
972 2684 994 2713 a
1020 2666 1304 2718 Constantino
1329 2669 1480 2724 nostro

56 2750 58 2757 ·
86 2729 281 2793 oolleffl,
306 2744 350 2783 vt
370 2729 515 2782 titulus
536 2729 623 2802 ipse
644 2745 687 2783 et
703 2749 1006 2804 argumentum
1027 2739 1077 2785 iis
1106 2734 1224 2787 libris
1242 2739 1485 2808 praefixum

1300 2805 1481 2867 demon·
