1786 3126
1664 106 1699 129 l

309 143 397 202 ⁶46
743 144 1273 190 DEDICATIO

307 257 477 307 tiberici
507 256 560 306 ad
587 256 767 307 deletam
786 276 809 306 a
827 260 1053 307 Mummio
1082 260 1368 316 Corinthum,
1396 270 1439 306 et
1468 262 1517 306 iit
1541 257 1710 315 formu«

310 325 396 374 lam
412 331 680 394 prouinciae
696 325 908 376 redad‘iam
927 330 1155 376 Achaiam:
1188 345 1268 374 nec
1287 345 1380 375 non
1407 325 1459 374 ad
1489 321 1710 394 Carthagi·

311 412 414 443 nem
436 395 583 463 paullo
600 409 696 444 ante
707 414 731 443 a
749 399 948 463 Scipione
961 412 1126 463 captam
1138 438 1150 453 ‚
1171 411 1211 443 et
1223 394 1317 444 solo
1335 410 1567 463 aequatam.
1599 396 1710 443 Scri-

309 461 448 532 pserat
468 480 519 513 et.
529 463 583 513 de
605 464 718 512 bello
737 468 1006 513 Numantino
1020 504 1033 524 ‚
1065 463 1134 512 sed
1155 463 1343 532 separato
1361 483 1385 512 a
1404 479 1609 531 perpetua
1623 461 1709 511 -sua

311 535 485 582 historia
517 533 762 592 volumine,
795 547 839 581 vt
867 536 1016 582 audior
1044 534 1103 582 est
1132 533 1319 582 Tullius.
1384 536 1518 582 Porro
1539 536 1711 580 vniuer-

309 599 407 650 sum
435 599 552 671 quod
573 602 706 650 modo
738 602 1010 669 exposuimus
1037 617 1364 671 argumentum,
1399 601 1516 649 libris
1537 618 1604 649 xr..
1627 604 1710 649 Po-

309 670 450 733 lybius
467 669 606 719 fuerat
625 671 897 738 complexus,
917 671 983 719 vel
1003 677 1144 738 potius
1156 670 1585 739 duodequadraginta.
1623 673 1710 736 pri-

311 758 408 788 mus
426 738 634 808 fiquidem
656 755 695 788 et
721 740 925 788 secundus
939 780 950 796 ,
972 755 1218 806 apparatum
1239 741 1291 787 ad
1311 739 1530 788 historiam
1548 743 1709 806 prima-

309 812 379 856 rio
398 806 650 874 susceptam,
671 828 760 857 non
780 808 911 874 ipsam
933 809 1178 869 historiam,
1198 814 1437 859 continent.
1479 810 1592 856 Nam
1610 812 1710 874 quia

310 878 486 925 Graecis
507 879 754 925 hominibus
776 878 847 925 illa
865 894 998 926 aetate
1028 897 1093 927 res
1126 882 1372 933 Romanae,
1402 875 1472 927 sua
1499 880 1710 925 memoria

312 946 575 1002 vetustioreS,
595 965 744 1013 parum
769 962 887 995 erant
909 952 1132 1014 cognitae,
1163 946 1505 1013 prudentissimus
1527 944 1708 1012 scriptor

313 1031 365 1060 ex
386 1012 463 1061 vsu
486 1013 678 1062 futurum
700 1022 889 1081 putauit,
911 1016 947 1063 fi
969 1021 1073 1082 reip.
1100 1015 1211 1063 illius
1231 1031 1425 1082 tempora
1444 1014 1620 1063 striffim
1650 1026 1712 1062 at·

310 1087 518 1149 tingeret,
537 1100 561 1129 a
582 1097 700 1149 capta
720 1085 913 1132 Romana
943 1103 1020 1151 per
1036 1085 1182 1132 Gallos
1200 1082 1306 1132 duce
1327 1089 1526 1141 Brenno,
1553 1081 1607 1130 ad
1623 1086 1709 1149 pri·

310 1169 439 1199 mum
461 1166 574 1199 extra
596 1151 762 1200 Italiam
784 1171 882 1200 cum
900 1151 1022 1201 claffe
1040 1153 1282 1201 tranlitum:
1315 1170 1357 1200 et
1376 1152 1523 1219 paullo
1543 1152 1710 1199 vberius

309 1236 339 1267 a
360 1223 500 1287 prima
518 1224 769 1268 traiedlione
783 1258 788 1262 -
802 1226 848 1268 in
869 1222 1082 1284 Siciliam,
1116 1222 1289 1290 quando
1316 1221 1478 1270 bellum
1500 1223 1709 1268 Punicum

310 1293 503 1355 primum
529 1289 591 1337 est
610 1289 867 1348 conflatum,
888 1290 942 1338 ad
961 1294 1107 1339 Punici
1121 1309 1169 1341 11.
1188 1309 1345 1338 annum
1369 1295 1576 1356 primum.
1609 1297 1720 1354 quas*

265 1380 269 1384 ·
309 1355 386 1405 ille
415 1375 479 1408 res
508 1377 610 1406 cum
639 1361 903 1406 Graecanicis
935 1359 1206 1424 aliorumque
1237 1358 1504 1425 populorum
1543 1361 1710 1413 ratione

254 1479 257 1481 ,
308 1439 560 1493 temporum
580 1429 910 1495 congruentibus
924 1466 936 1486 ,
957 1434 1001 1476 in
1018 1428 1089 1476 illa
1110 1428 1242 1476 duum
1260 1428 1469 1475 librorum
1488 1443 1709 1494 praepara-

308 1499 435 1542 tione
451 1502 727 1563 comparauit.
792 1503 850 1544 At
870 1515 999 1563 quam
1023 1495 1279 1557 dolendum,
1295 1515 1375 1546 nec
1394 1496 1486 1544 fine
1513 1493 1710 1562 indigna-

309 1564 431 1612 tione
449 1562 618 1612 summa
637 1565 966 1613 memorandum
979 1605 993 1624 ,
1012 1566 1130 1632 quod
1149 1568 1332 1614 auctoris
1349 1571 1454 1613 tanti
1475 1561 1710 1612 ta'm'excel·

308 1631 399 1679 lens
422 1650 530 1699 opus
560 1631 829 1700 superiorum
860 1632 1126 1682 saeculorum
1156 1635 1323 1682 barbara
1357 1637 1596 1701 ignorantia
1618 1649 1709 1679 ma-

309 1717 394 1769 gna
414 1720 465 1749 ex
485 1715 602 1767 parte
623 1702 746 1750 nobis
779 1701 958 1751 inuidit?
992 1702 1163 1769 quando
1187 1702 1231 1750 id
1259 1702 1410 1751 vulnus
1441 1707 1547 1767 reip.
1569 1700 1710 1749 litera-

310 1775 399 1817 riae
428 1768 560 1818 fuerit
591 1770 867 1836 impositum,
902 1771 1074 1820 difficile
1101 1771 1159 1819 est
1200 1790 1282 1838 pro
1322 1785 1440 1820 certo
1482 1769 1710 1818 affirmare.

307 1839 641 1887 Constantinum
657 1842 1092 1907 Porphyrogenitum,
1111 1842 1414 1906 pandectarum
1436 1839 1707 1906 politicarum

311 1923 364 1953 ex
390 1907 575 1956 historiis
598 1908 955 1975 compositorem,
985 1915 1211 1976 integrum
1231 1928 1339 1976 opus
1370 1906 1581 1964 habuisse,
1613 1904 1709 1954 nul-
1772 1923 1780 1966 j

308 1973 373 2022 lus
399 1973 561 2027 dubito.
627 1976 780 2024 Suidae
799 1996 970 2044 quoque
987 1984 1268 2045 grammatico
1283 2016 1296 2035 ,
1319 1976 1443 2025 suum
1464 1976 1585 2024 illum
1609 1993 1708 2022 een·
1768 1984 1769 1987 ’

271 2061 285 2067 “
308 2056 460 2091 tonem
483 2051 729 2092 contexenti
743 2085 756 2102 ‚
775 2064 875 2093 reor
896 2048 1092 2112 equidem
1117 2061 1260 2094 totum
1285 2046 1511 2108 Polybium
1539 2043 1592 2092 ad
1618 2062 1708 2092 ma-

306 2129 415 2160 num
437 2110 575 2163 fuiss'e
612 2112 740 2180 idque
774 2112 867 2161 satis
898 2115 1128 2163 manifesto
1151 2134 1176 2163 e
1194 2114 1447 2182 fragmentis
1476 2114 1612 2180 potest
1633 2129 1708 2161 oo-

307 2179 478 2247 gnosci‚
499 2200 605 2249 quae
629 2180 728 2229 inde
751 2182 1012 2249 collegimus,
1085 2186 1237 2241 Nunc,
1266 2185 1376 2248 proh
1405 2183 1557 2232 dolor!
1591 2179 1706 2236 solos

307 2254 495 2316 quinque
515 2255 678 2315 primos
699 2249 852 2311 libros,
873 2252 1015 2317 quales
1036 2254 1184 2300 audior
1206 2251 1459 2320 reliquerat,
1481 2251 1707 2300 habemus:

307 2331 446 2367 cetera
467 2323 578 2366 varia
601 2333 731 2368 manu
762 2320 1016 2384 interpolata
1040 2319 1092 2367 ad
1115 2339 1194 2369 nos
1222 2334 1520 2386 peruenerunt.
1581 2321 1705 2367 Tres

308 2391 449 2453 operis
470 2393 610 2436 totius·
623 2401 759 2451 partes
778 2386 989 2436 diffindias
1007 2387 1138 2437 editio
1157 2389 1295 2437 nostra
1317 2390 1497 2438 exhibet.
1562 2390 1704 2435 Priina

290 2456 367 2503 est
389 2471 670 2523 eorum,quos
690 2455 825 2504 modo
841 2456 1082 2506 dicebamus
1099 2465 1287 2527 quinque
1302 2458 1521 2508 librorum.
1556 2458 1704 2522 Sequia'

304 2538 377 2573 tur
386 2525 537 2589 altem,
562 2538 755 2592 excerpta
779 2531 1003 2574 continens
1027 2546 1049 2575 a
1066 2546 1105 2575 v.
1126 2528 1212 2575 fine
1223 2526 1556 2595 ad·principium
1573 2542 1702 2576 xvm.

306 2591 464 2659 ipsam,
487 2594 566 2642 nifi
586 2592 735 2652 fallor,
769 2594 886 2642 illam
915 2601 1158 2660 epitomen,
1191 2615 1319 2662 quam
1349 2597 1521 2644 Marcus
1550 2596 1699 2642 Brutus

308 2665 521 2711 conticere
543 2661 686 2720 orsus,
711 2681 798 2709 non
830 2663 1021 2728 perfecit.
1070 2683 1151 2732 qua
1181 2666 1235 2714 de
1264 2683 1310 2714 re
1337 2664 1457 2731 plura
1477 2681 1557 2712 nos
1585 2661 1696 2710 alibi.

306 2731 468 2779 Tertia·
483 2749 655 2799 quoque
683 2747 989 2800 parsexcerpta
1011 2733 1334 2801 complectitur,
1365 2730 1436 2781 sed
1459 2729 1609 2780 diuersi
1628 2747 1698 2799 ge·

1567 2819 1591 2845 Π
1598 2818 1676 2847 erls
1689 2818 1699 2844 2
