1786 3126
319 90 406 147 65⁸
738 83 1288 139 .DED.ICAT'10

322 209 483 255 timum
501 208 564 252 vis
584 203 755 253 dicendi
780 205 964 264 valebat,
991 219 1035 254 et
1063 203 1342 255 neceffarium·
1370 207 1461 255 hoc
1485 204 1570 255 fuit
1587 223 1612 254 a
1631 205 1725 254 lite-

300 336 302 338 ·
323 279 381 323 ris
402 271 678 340 praesidium,
697 289 738 323 et
755 272 883 323 facile
905 274 1103 342 parabile.
1168 277 1269 323 Tua
1288 273 1479 324 maiestas
1495 273 1725 342 prosatori·

324 343 402 391 bus
426 356 527 390 orta
545 343 716 411 regibus
737 349 933 392 maximis
946 383 960 404 ,
991 363 1084 393 non
1104 344 1269 392 ambitu
1300 361 1441 411 neque
1458 338 1725 412 suffragatio—

325 430 382 460 ne
401 416 634 478 imperium
663 417 843 472 meruit,
869 411 942 461 sed
967 410 1190 462 nascendo,
1257 409 1410 461 Caesar
1431 411 1486 460 ad
1515 414 1641 479 reip.·
1707 434 1739 454 .-

323 479 548 529 bernacula
568 478 661 529 sero
682 495 725 529 et
747 487 831 530 iam
855 495 988 531 aetate
1007 481 1178 550 grandis
1205 480 1392 542 acceffit3
1427 494 1500 529 tua
1522 484 1607 529 mai
1693 498 1727 540 s,

325 568 461 616 quum
478 555 564 598 iam
586 549 685 597 inde
706 569 728 597 a
754 556 892 617 prima
909 549 1191 600 adolescentia
1210 555 1255 599 in
1275 549 1412 619 ipsam
1431 548 1651 598 bellorum
1668 553 1730 599 ci-

322 619 480 667 uilium
504 618 726 667 flammam
748 617 981 679 incidisset,
1014 621 1087 668 vbi
1119 618 1250 668 semel
1280 623 1560 687 negotiorum
1589 618 1730 667 flucti-

318 687 405 736 *bus
415 693 557 755 coepit
572 694 728 755 mergi,
746 689 912 737 nullum
925 688 1079 738 exinde
1091 702 1272 754 tempus,
1293 686 1460 736 nullum
1471 686 1614 746 diem,
1633 685 1730 736 nul-

326 757 412 805 lam
428 797 440 815 ,
463 775 572 824 pene
595 756 778 805 dixerim
791 797 804 817 ,
824 761 978 807 horam
999 777 1023 806 a
1042 758 1296 826 grauiffimis
1316 761 1428 806 curis
1456 771 1497 804 et
1524 755 1730 806 sollicitu—

326 825 496 874 dinibus
526 826 704 874 liberam
725 828 882 874 habuit.
949 830 1063 875 Nam
1089 833 1183 895 quis
1211 827 1320 875 bella
1346 845 1371 875 a
1397 840 1441 875 te
1466 825 1606 895 gesta,
1634 829 1729 894 quis

316 913 516 962 pugnas,
547 909 589 943 et
617 901 771 963 pugnis
802 900 986 945 numero
1012 914 1133 964 pares
1163 898 1362 945 vidlorias
1383 903 1633 961 enumerare
1662 912 1732 942 va-

328 964 436 1012 leat?
469 968 637 1030 quoties
665 979 736 1012 tua
763 965 955 1012 maiestas
982 985 1081 1014 cum
1112 966 1300 1014 hostibus
1325 970 1415 1013 acie
1455 963 1656 1013 instrudh
1683 978 1729 1012 et

329 1032 492 1080 collatis
524 1031 652 1099 fignis
692 1033 982 1093 dimicauerit,
1024 1040 1189 1101 quoties
1224 1053 1275 1082 ex
1302 1039 1454 1082 itinere
1492 1048 1537 1082 et
1572 1050 1731 1100 agmen

330 1098 512 1162 ducens,
532 1105 701 1159 quoties
717 1120 795 1168 per
813 1103 939 1150 aliam
963 1103 1256 1153 occafionem?
1288 1121 1369 1171 qua
1384 1101 1560 1171 quidem
1582 1107 1628 1150 in
1637 1119 1734 1169 par·

319 1183 374 1218 .te
399 1183 512 1217 tanta
533 1167 739 1217 felicitate
761 1188 804 1218 es
819 1169 932 1228 vsus,
950 1185 995 1219 vt
1015 1172 1137 1220 nullo
1155 1190 1359 1239 vmquam
1381 1189 1406 1219 e
1427 1171 1633 1231 confljdlu
1653 1168 1735 1219 nifi

315 1241 473 1287 -vidlor
497 1237 696 1286 redieris:
730 1258 950 1306 nunquam
981 1239 1154 1288 hostiles
1181 1245 1289 1289 acies
1316 1238 1498 1299 videris,
1522 1239 1603 1289 nifi
1626 1245 1734 1288 iam-

332 1312 418 1355 iam
441 1306 693 1365 vincendas,
724 1323 795 1356 aut
823 1314 908 1357 iam
930 1327 1009 1375 per
1029 1323 1072 1357 te
1093 1311 1235 1358 vidia&
1299 1308 1587 1377 Magnificum
1609 1309 1667 1356 est
1690 1321 1735 1357 et

332 1377 407 1424 lon
440 1395 463 1424 e
485 1376 834 1444 gloriofiffiumm
847 1420 860 1440 ‚
882 1392 1090 1446 quantun
1112 1379 1308 1428 habueris
1330 1377 1539 1437 hostium,
1565 1390 1734 1426 tantum

331 1395 453 1512 poffe
477 1445 700 1494 ostendere
718 1461 759 1494 te
777 1449 1113 1515 triumphorum.
1145 1452 1203 1496 At
1225 1451 1446 1496 inuenient
1467 1460 1613 1495 tamen
1635 1464 1736 1515 pru-

333 1514 479 1562 dentes
512 1514 592 1562 alia
620 1520 666 1562 in
695 1529 765 1564 tua
794 1518 1030 1575 maiestate,
1071 1535 1181 1584 quae
1205 1521 1350 1584 potius
1375 1534 1507 1585 quam
1536 1518 1736 1566 vistorias

332 1597 424 1631 tuas
460 1589 681 1631 mirentur.
759 1589 900 1633 Maius
935 1590 1052 1634 enim
1080 1585 1305 1653 profedb,
1336 1603 1465 1652 quam
1489 1583 1634 1634 viciffe
1657 1584 1734 1644 est,

332 1649 489 1701 caussas
508 1652 707 1701 vincendi
730 1657 774 1701 in
797 1652 838 1701 se
858 1652 1067 1702 habuisse:
1101 1660 1148 1702 in
1166 1673 1294 1722 quem
1318 1654 1454 1704 finem
1475 1667 1736 1721 etquatenus

332 1718 433 1770 esset
453 1722 734 1780 vincendum,
756 1722 981 1789 quomodo
1003 1725 1182 1772 vidioria
1202 1723 1432 1782 Vtendum,
1448 1720 1626 1771 sciuisse.
1658 1726 1736 1771 vi·
1764 1722 1775 1765 ἷ

333 1797 390 1838 cit
411 1790 518 1838 olim
545 1791 787 1851 Hannibal,
811 1797 914 1840 vicit
935 1794 1102 1840 Marius
1116 1833 1130 1855 ‚
1150 1797 1252 1841 vicit
1270 1795 1521 1860 Pompeius,
1547 1797 1651 1841 vicit
1665 1793 1740 1844 Μ.

332 1863 577 1919 Antonius,
610 1865 748 1909 vicere
779 1859 975 1928 persaepe
1007 1861 1161 1924 multi,
1194 1879 1379 1930 quorum
1404 1862 1621 1929 postrema
1648 1865 1741 1928 pri·
1762 1875 1781 1898 ’-

332 1933 416 1976 mis
431 1946 567 1994 quum
596 1947 688 1977 non
708 1929 1025 1996 responderint,
1067 1928 1172 1978 scire
1197 1930 1378 1980 obuium
1407 1929 1492 1989 est,
1519 1929 1616 1998 plus
1635 1929 1736 1979 illos

332 1994 558 2056 fortunae,
584 2016 715 2064 quam
745 1997 840 2046 suae
872 2004 1016 2048 virtuti
1038 1997 1236 2052 debuiss‘e.
1301 2002 1406 2048 Non
1427 2003 1475 2047 in
1492 1996 1613 2048 fusto
1634 2016 1734 2048 vera
1783 2056 1786 2058 ¹

334 2064 423 2112 laus
444 2064 528 2124 est,
548 2063 619 2112 sed
642 2070 686 2113 in
704 2085 774 2122 eo,
795 2066 1159 2134 quemadmodum
1173 2069 1262 2120 flat.
1329 2070 1432 2117 Tua
1447 2071 1596 2116 omnia
1617 2067 1734 2135 gesta
1779 2114 1786 2123 ,,

335 2139 447 2181 inter
467 2132 509 2181 se
528 2151 769 2200 congruunt
781 2177 794 2196 ‚
817 2142 962 2184 omnia
983 2135 1077 2186 sunt
1096 2155 1177 2184 vna
1195 2135 1338 2185 forma
1355 2132 1556 2206 perculsa,
1622 2137 1733 2186 Tibi

333 2202 453 2268 quod
474 2207 655 2269 imputet
679 2203 854 2252 fortuna
874 2204 981 2252 nihil
1002 2210 1230 2272 quicquam
1247 2205 1385 2254 habet.
1450 2203 1614 2263 vicisti,
1633 2211 1732 2273 quia
1755 2257 1777 2273 ,Ι

335 2277 382 2319 in
409 2275 506 2320 Deo
529 2278 790 2319 exercituum
821 2271 938 2339 spem
971 2287 1014 2321 et
1045 2272 1300 2340 praefidium
1330 2279 1407 2341 pio
1431 2280 1579 2322 animo
1598 2292 1770 2340 pone-4„

336 2341 419 2388 bas,
488 2340 656 2398 Vicisti‚
679 2346 776 2408 quia
797 2360 887 2389 non
907 2341 1047 2391 solum
1059 2342 1248 2401 lacertis,
1272 2335 1429 2392 viribus
1447 2357 1490 2392 et
1511 2348 1636 2392 armis
1712 2373 1736 2385 -
1755 2362 1761 2383 <

335 2410 491 2477 gnabas
503 2448 516 2468 ,
535 2406 684 2477 quibus
701 2410 937 2477 plurimum
962 2416 1022 2458 tui
1043 2430 1215 2479 quoque
1238 2417 1402 2462 inimici
1420 2411 1639 2469 valebant,
1653 2362 1731 2466 {ed
1751 2402 1764 2420 ÷

336 2478 793 2538 confilio‚austoritate
814 2494 855 2527 et
866 2478 1013 2540 cauffa,
1026 2482 1177 2547 quibus
1193 2481 1255 2529 illi
1268 2482 1392 2531 rebus
1411 2481 1490 2530 tibi
1506 2499 1628 2549 pares
1636 2483 1733 2539 nm

336 2564 468 2595 erant.
534 2548 703 2608 vicisti,
725 2553 822 2614 quia
844 2551 1003 2597 cuneus
1019 2549 1200 2616 perfeffl
1218 2554 1482 2618 imperatoris
1501 2549 1729 2602 aruba-in,-

335 2615 651 2676 ssruffiffimus,
694 2616 938 2665 aduersariis
969 2624 1048 2666 tuis
1075 2619 1205 2686 longe
1244 2619 1489 2686 praestabas,
1526 2616 1728 2667 omnium

336 2684 608 2735 cassrenfium
635 2705 864 2736 munerum
891 2705 1094 2736 numeros
1125 2702 1167 2736 et
1197 2687 1396 2751 callebas,
1449 2701 1494 2737 et
1519 2704 1619 2736 cum
1638 2699 1757 2735 erat-f

1608 2772 1732 2822 opus,
