1786 3126
528 126 564 172 G
588 128 629 173 A
655 127 685 172 S
710 129 754 172 A
780 128 824 175 V
850 130 884 173 B
911 130 952 174 0
972 129 1019 175 Ν
1042 131 1079 174 1.
1422 131 1507 188 663

100 243 292 293 fiunem
304 243 472 301 vietor,
492 237 748 302 sciebatnu83
778 240 888 290 illud
906 242 1219 306 nesciebamus,
1237 248 1352 311 pacis
1364 257 1408 292 et
1418 244 1507 292 bel-

101 311 137 362 li
154 317 366 371 rationes,
385 326 532 360 natura
550 309 622 359 sua
647 328 713 359 rea
729 308 1022 359 diuerfisfimas
1037 351 1050 370 ,
1083 330 1135 360 ex
1154 331 1291 379 aequo
1314 314 1390 361 tibi
1420 309 1506 362 effe

103 395 253 440 notas,
274 394 319 429 et
337 393 466 448 prout
488 393 559 428 tua
577 378 780 448 dignitas,
801 394 872 428 aut
895 394 1071 429 tuorum
1088 382 1242 430 vtilitas
1257 381 1502 448 postularet,

103 451 280 566 23:²3
287 449 1504 578 &mimum{23:313032332313235222

103 605 152 636 ne
166 587 525 655 compleduntur.
551 587 629 635 Tu
649 586 764 635 bello
782 599 984 646 externo,
1002 587 1121 654 quod
1139 586 1386 637 credebatur
1405 586 1503 637 fore

104 655 249 705 nmlto
267 655 531 711 diutumiun,
548 656 685 703 finem
704 673 794 704 non
813 661 949 723 magis
969 657 1045 704 tibi
1066 675 1195 724 quam
1209 655 1406 705 vniuerso
1423 675 1504 703 no·

100 729 213 775 mini
230 724 398 774 Gallico
416 722 652 792 gloriosum
664 765 678 786 ‚
698 722 946 792 imposuisti,
976 727 1054 774 Tu
1075 725 1191 775 bello
1210 726 1327 774 ciuili
1352 724 1503 772 exstin-

101 795 201 854 ao,
229 791 348 862 quod
374 793 643 843 metuebatur
669 789 769 842 fore
796 808 1054 861 perpetuum
1068 834 1081 854 ‚
1115 813 1269 844 omnes
1297 794 1436 843 turbas
1455 799 1502 840 in

101 861 380 930 tranquillum
398 860 608 930 redegisti.
655 864 732 911 Tu
760 881 936 930 pacem,
967 882 1117 932 paoem
1139 864 1323 920 abnam,
1352 881 1503 930 pacem

101 931 346 998 augustan,
390 949 541 998 pacem
566 935 770 980 omnium
811 932 1027 981 bonorum
1061 933 1345 1001 largitricem,
1377 932 1502 980 nobis

23 1047 27 1059 ‚
101 998 267 1049 dedisti.
294 1001 374 1048 Tu
393 999 516 1048 vrbee
533 1000 721 1059 ciuibus,
742 1005 857 1049 ciues
875 1001 1070 1062 vrbibus,
1089 1002 1250 1051 cultum
1271 1005 1398 1069 agris,
1422 1002 1502 1047 ho-

101 1086 257 1118 norem
275 1065 400 1117 saenis
419 1067 649 1117 reddidisti.
691 1071 769 1117 Tu
799 1074 889 1118 vim
909 1069 1093 1138 legibus,
1125 1070 1290 1119 iudiciis
1317 1072 1504 1117 tuciori-

99 1151 259 1195 «ηοω,
291 1138 437 1188 ordini
466 1137 728 1206 ampliffimo
755 1135 875 1186 suam
905 1138 1180 1206 dignitatem,
1219 1136 1503 1186 ecclesiasticis

97 1205 288 1256 debitum
320 1211 605 1257 reuerentiam
629 1206 855 1255 restituisti.
896 1209 975 1254 Tu
1001 1207 1350 1274 tranquillitatem
1378 1204 1505 1255 domi

95 1273 190 1325 suas
205 1289 316 1326 artes
332 1275 623 1325 exercentibus
635 1312 649 1331 ,
668 1274 937 1322 securitatem
966 1280 1169 1324 itinerum
1202 1293 1380 1342 peregre
1399 1292 1501 1342 pro-

95 1342 402 1404 ficiscentibus,
429 1341 784 1391 commoditatem
803 1348 1110 1411 nauigerorum
1131 1344 1364 1393 fluminum
1381 1362 1501 1391 cotn-

96 1417 258 1462 mercia
277 1411 531 1480 agitantibus
542 1450 555 1469 ,
571 1425 732 1462 certam
750 1417 903 1478 cuique
923 1431 1067 1461 rerum
1096 1411 1264 1462 suarum
1283 1410 1501 1480 posseffio·

96 1498 199 1531 nem
217 1481 466 1549 praestitisti.
497 1483 621 1550 Qae
637 1480 843 1529 beneficia
861 1479 937 1529 etfi
955 1481 1385 1538 videntur,etreuera
1402 1479 1499 1528 sunt

95 1553 307 1609 nuxima,
328 1548 516 1597 aliorum
532 1564 681 1597 tamen
701 1555 961 1598 meritorum
981 1569 1083 1618 erga
1109 1570 1191 1599 nos
1214 1566 1388 1599 tuorum
1409 1568 1500 1597 ma·

94 1617 321 1687 gnitndine
337 1617 476 1686 longo
501 1615 749 1685 superantur
766 1618 1010 1668 interuallo.
1044 1624 1208 1668 Annon
1225 1625 1343 1668 enim
1353 1623 1499 1667 omni-

91 1689 169 1736 bus
187 1701 288 1736 ante
305 1685 500 1736 dietisest
514 1692 666 1746 maim,
681 1685 798 1754 quod
817 1691 980 1749 ciuium
999 1693 1185 1745 animos,
1205 1689 1496 1757 longinquita-

92 1756 380 1805 tessbellorum
408 1755 600 1804 ciuilium
627 1755 873 1804 mirandum
905 1762 951 1805 in
979 1756 1164 1806 modum
1187 1756 1408 1814 efferatoS,
1442 1754 1498 1804 ad

93 1823 369 1875 concordiam
381 1838 425 1874 et
441 1842 635 1873 amorem
647 1838 847 1873 mutuum
865 1826 1121 1892 perduxissi3
1157 1845 1314 1893 eosque
1332 1825 1411 1875 fibi
1430 1829 1496 1874 in*

93 1899 236 1943 uicem
269 1898 285 1942 i
345 1891 516 1949 oscere,
544 1908 588 1942 et
614 1899 943 1960 praeteritorum
972 1893 1193 1957 obliuisci,
1231 1892 1495 1964 ignoscendo

91 1976 218 2030 tque
256 1981 288 2011 o
335 1960 550 2011 ‘uisoendo
591 1961 796 2011 docuisti?
853 1969 1056 2011 omnium
1093 1981 1198 2012 vero
1238 1969 1494 2023 maximum,

92 2030 487 2100 praestantiffimum
498 2070 511 2090 ‚
530 2034 629 2079 Deo
650 2030 983 2098 acceptiffimum
1000 2031 1084 2092 est,
1102 2032 1221 2099 quod
1239 2031 1418 2082 stabilita
1436 2036 1494 2079 ci-

93 2100 171 2149 uili
187 2098 416 2150 concordia
427 2137 444 2155 ,
472 2099 524 2148 ad
542 2104 711 2167 generis
727 2101 898 2148 alterius
916 2100 1192 2150 concordiam
1206 2142 1220 2162 ‚
1247 2107 1366 2149 cuius
1389 2099 1494 2148 defi·

93 2167 217 2217 derio
235 2167 534 2218 contabescunt
552 2170 679 2229 boni,
704 2174 867 2236 primus
885 2184 959 2231 tu,
980 2187 1098 2219 nou
1113 2189 1236 2228 mn,
1264 2175 1379 2218 viam
1397 2187 1492 2218 mu-

93 2237 208 2287 nisti.
240 2237 297 2284 Et
313 2241 406 2303 quis
421 2235 496 2286 scit
508 2276 522 2296 ‚
545 2256 601 2286 an
615 2240 741 2285 huius
763 2255 934 2306 quoque
952 2238 1167 2287 restitutae
1185 2239 1387 2307 gloriam,
1406 2254 1492 2305 qua

43 2331 45 2336 v
91 2304 210 2355 nulla
238 2304 377 2371 potest
406 2312 547 2354 maior
574 2311 739 2373 optari,
768 2325 818 2354 ac
833 2325 890 2354 ne
917 2312 1096 2375 cogitari
1118 2307 1321 2378 quidem,
1350 2305 1493 2372 superi

91 2379 266 2443 piorum
297 2377 406 2421 votis
436 2387 479 2421 et
505 2373 721 2442 suppliciis
753 2374 927 2424 tandem
951 2382 1138 2435 exorati,
1167 2375 1373 2424 maiestati
1391 2383 1492 2423 tuae

91 2441 331 2491 reseruent?
363 2459 571 2508 magnum
592 2449 837 2511 inceptum,
864 2443 1046 2493 arduum
1066 2459 1109 2493 et
1127 2451 1198 2493 vix
1218 2445 1491 2491 abluumnia

91 2513 252 2560 viribus
278 2507 547 2575 sperandum.
603 2509 686 2559 Sed
712 2529 858 2560 rerum
887 2531 912 2560 a
933 2527 976 2560 te
996 2513 1206 2580 gestarum
1229 2509 1492 2579 magnitudi-

91 2598 192 2630 nem
211 2585 435 2647 ignorant,
456 2583 529 2644 qui
546 2577 626 2626 alia
645 2580 847 2628 maiestati
868 2595 965 2629 tuae
991 2594 1143 2648 putant
1172 2585 1405 2628 conuenire
1422 2585 1490 2628 in-

90 2664 236 2715 cepta,
256 2644 334 2693 nifi
349 2664 527 2712 magna,
550 2645 677 2694 ardua
697 2662 742 2695 et
761 2667 785 2695 a
798 2654 972 2697 nemine
991 2649 1240 2697 mortalium
1289 2663 1426 2697 raeter
1443 2662 1490 2699 te

90 2714 378 2783 exspectanda,
409 2714 551 2783 Qid?
582 2718 693 2764 hanc
704 2715 835 2783 ipsam
857 2735 1004 2831 pra-cem
1024 2716 1227 2785 praestare
1270 2732 1404 2834 οηαιέὶι
1424 2732 1488 2766 te·

938 2802 954 2832 t
988 2803 1016 2842 4
1399 2805 1484 2842 am,
