1786 3126
276 153 360 200 332
645 137 875 184 ISAACI
910 136 1307 201 CASAVBQM,
1341 199 1343 202 ι
1402 128 1405 131 ’

276 259 365 303 riae
384 259 437 305 iis
449 257 669 312 dabantur,
693 269 803 312 quos
824 256 876 297 ad
892 254 1268 298 frumentationem
1279 254 1479 305 volebant
1491 256 1654 300 admitti

277 322 336 366 fic
356 322 556 364 videntur
578 320 691 376 apud
713 317 900 362 Graecos
919 319 1074 374 priuati
1097 318 1296 359 homines
1310 350 1322 372 ,
1353 319 1425 374 qui
1446 317 1684 362 condustos

279 400 305 428 a
325 385 367 428 se
388 384 544 426 milites
563 383 753 438 alebant,
775 390 821 424 vt
833 381 916 424 fuit
930 390 1028 423 ante
1045 380 1304 436 expofitum,
1323 379 1488 435 lignum
1508 381 1685 438 aliquod

284 445 470 499 dediffe,
497 453 540 488 et
569 446 686 487 velut
714 444 909 487 tess'eram
936 444 1218 498 hospitalem3
1252 450 1299 485 vt
1330 443 1485 486 scirent
1512 443 1685 500 finguli,

286 516 374 568 quo
395 506 480 551 sese
496 510 762 565 reciperent,
795 515 840 550 et
870 507 990 549 cuius
1024 506 1208 560 hospitio
1242 506 1305 547 vti
1336 506 1550 549 deberent.
1593 521 1688 550 eam

208 574 217 579 ”
285 570 476 617 tefi‘eram
497 569 664 614 Aeneas
683 571 751 612 hic
774 565 958 624 φυλακήν
972 568 1170 624 appellat,
1192 567 1409 625 custodiam
1424 602 1436 624 ,
1457 571 1553 625 quia
1574 569 1689 626 quafi

284 637 443 711 pignus
465 635 523 676 est
542 633 748 676 mercedis
772 646 848 689 pro
874 632 1059 675 custodia
1082 631 1258 673 debitae.
1302 645 1400 674 nam
1431 634 1452 676 ὅ
1478 630 1690 689 ἐρώμενος

286 693 359 756 τὴν
385 693 589 755 φυλακην,
630 698 666 738 is
693 697 777 750 est,
825 695 897 750 qui
928 695 971 735 in
1006 695 1150 736 locum
1180 701 1224 736 et
1254 707 1430 736 munera
1459 695 1689 739 desertoris

285 761 538 815 succedens,
559 761 624 802 ius
647 757 795 801 uastos
815 758 874 800 est
894 757 1064 799 fruendi
1083 755 1232 799 tessera
1250 757 1389 814 illius,
1420 764 1466 802 et
1490 759 1689 838 omnibus

285 821 542 866 commodis.

387 882 569 940 ''AQwvoe
586 881 749 928 ποιὲνται
774 881 884 927 τόνδε
904 879 973 927 τδν
999 879 1155 939 καιρδν,
1187 879 1459 928 ἐπικαῦσαντοῖ
1474 899 1512 927 τι
1539 881 1589 927 r}
1612 881 1693 928 σῶ-

285 949 446 1003 mares..)
505 946 566 990 Vt
585 960 713 988 canes
736 953 782 988 et
802 946 942 1000 gallos
967 946 1232 1000 gallinaceos
1255 947 1392 990 inusta
1411 953 1529 1002 parte
1550 946 1693 1002 aliqua

289 1011 511 1065 corporis,
540 1010 654 1064 quod
674 1009 734 1051 ait
759 1008 952 1062 Aeneas,
977 1009 1102 1050 dolor
1119 1010 1262 1051 reddit
1282 1012 1430 1052 mutos
1443 1026 1456 1060 ;
1488 1009 1544 1051 fic
1563 1011 1694 1052 etiam

289 1086 425 1128 equos
450 1080 566 1113 vetat
588 1071 756 1112 hinnire
771 1103 783 1125 ,
802 1085 855 1112 ex
874 1071 953 1112 hac
974 1077 1046 1112 aut
1072 1071 1197 1113 fimili
1231 1073 1352 1122 causa
1381 1072 1579 1114 concitus
1611 1073 1693 1115 do-

1757 236 1786 324 'x

286 1135 369 1178 lor.
405 1135 512 1177 adeo
535 1146 680 1175 verum
698 1133 780 1186 est,
799 1134 911 1188 quod
934 1133 1103 1175 dicebat
1124 1132 1244 1176 Plato
1258 1167 1269 1187 ,
1295 1135 1384 1178 ἐδὲν
1403 1131 1497 1190 ζῶον
1513 1131 1695 1188 λυπέμε-
1750 1181 1752 1183 ,

286 1211 352 1242 νον
380 1195 473 1253 ᾅδει.
534 1196 671 1245 Iulius
700 1190 1099 1250 Africanus‘'capite
1127 1211 1196 1238 1x.
1227 1196 1445 1250 obferunt,
1480 1210 1695 1252 equorum

286 1259 506 1303 hinnitum
537 1260 581 1299 in
611 1258 735 1299 rebus
763 1257 928 1299 bellicis
958 1271 1157 1312 magnum
1186 1260 1398 1302 interdum
1426 1268 1694 1302 momentum
1735 1269 1738 1272 ’

285 1322 444 1364 facere.
480 1335 656 1376 eamque
677 1321 783 1362 adeo
805 1333 893 1361 rem
910 1320 1167 1361 Aristomeni
1188 1319 1388 1362 Meffenio
1417 1321 1692 1376 pulcherrimi

288 1385 601 1440 stratagematis
633 1384 773 1425 ansam
790 1381 1046 1438 praebuifl'e,
1079 1396 1163 1438 quo
1185 1382 1544 1426 Lacedaemonios
1573 1385 1695 1437 deui-

290 1449 365 1491 cit-.
428 1447 606 1489 Parthos
637 1460 740 1487 vero
773 1447 942 1501 quoties
975 1445 1137 1487 vellent
1168 1444 1399 1488 efficaciter
1429 1459 1566 1502 equos
1594 1447 1694 1490 suos

203 1510 211 1516 ”
289 1508 501 1566 impedire
515 1542 526 1563 ,
561 1523 647 1564 quo
668 1509 809 1550 minus
831 1509 942 1550 inter
966 1507 1159 1563 pericula
1175 1508 1414 1562 hinnirent,
1434 1509 1586 1552 solitos
1599 1511 1698 1552 vin-

292 1574 392 1616 culo
428 1572 573 1615 valido
603 1573 776 1613 caudam
804 1571 892 1611 illis
924 1570 1196 1612 vehementer
1233 1571 1489 1626 adstringere
1500 1585 1514 1622 3
1563 1573 1623 1615 ita
1648 1580 1698 1616 vt

290 1645 435 1678 acrem
461 1649 513 1677 ex
547 1648 597 1675 ea
625 1631 926 1675 constriffione
959 1633 1153 1675 dolorem
1183 1641 1397 1688 caperent.
1441 1632 1494 1692 τῆ
1519 1631 1598 1692 γοὲρ
1627 1654 1696 1679 ευ-
1761 1684 1763 1687 f

290 1696 396 1754 νοῖᾳ,
417 1698 579 1753 inquit,
597 1713 665 1752 της
683 1697 887 1743 ἐπιδέσεως
908 1698 929 1738 o‘
945 1694 1064 1743 ἵππος
1089 1693 1224 1747 σῖλγων
1244 1713 1315 1740 τον
1330 1693 1449 1739 αὐτδν
1465 1698 1541 1749 μὲν
1558 1694 1695 1752 θυμον
1724 1723 1727 1727 -

292 1759 492 1818 φυλάττει
514 1761 584 1817 amq*
602 1755 754 1813 τάχος·
786 1753 902 1807 μόνον
921 1758 960 1799 δὲ
983 1754 1029 1800 τδ
1054 1754 1224 1813 φωνημι
1243 1759 1340 1813 ἴχα.

411 1821 483 1866 Ad
506 1836 594 1878 cap.
619 1832 676 1870 23.
709 1821 874 1862 Monita
897 1828 946 1861 et
960 1821 1180 1862 cautiones
1210 1826 1511 1875 proponuntur
1538 1820 1590 1863 iis
1618 1835 1697 1864 ne-

293 1884 513 1936 ceffariae
536 1885 607 1940 qui
633 1884 903 1938 eruptionem
922 1883 965 1923 in
984 1881 1124 1924 hostes
1147 1883 1242 1925 sunt
1258 1881 1437 1924 fasturi·
1470 1884 1524 1925 de
1544 1883 1697 1940 quibus

294 1955 394 1990 ante
416 1947 578 1989 dietum
609 1947 749 2024 eapite
766 1959 848 1987 xv.
870 1952 912 1986 et
933 1945 1146 2000 sequente.

410 2003 636 2066 Φυλσίέοι]“
617 2027 717 2056 οπως
740 2026 795 2064 μη
785 2003 1150 2081 ἐξαυτομολῆσῃ.)
1181 2006 1313 2050 Scrib
1334 2002 1391 2066 μή
1401 2023 1458 2059 τις
1479 2008 1617 2060 ἐξαυτ.
1647 2015 1696 2052 vt

292 2083 408 2118 mox.
428 2070 653 2128 ἐφύλασσον
674 2068 731 2127 μή
741 2087 797 2118 τις
819 2064 1085 2145 αύτομολῆσῃ.

402 2133 494 2181 Ἵνα
509 2130 611 2191 μήθ’
633 2135 731 2190 ὑπὲρ
749 2131 818 2190 τῆς
836 2129 983 2181 πόλεως
1011 2132 1109 2190 ανηρ
1139 2132 1256 2190 πυρ.)
1300 2133 1416 2183 Quid
1443 2131 1592 2176 auster
1622 2133 1705 2177 Γὼῖ

293 2194 403 2244 velit
422 2199 510 2241 istis
529 2197 690 2248 verbis,
713 2209 800 2237 non
822 2196 955 2250 capio.

416 2258 497 2317 Koq
519 2252 591 2303 ωδε
611 2254 841 2311 ἐλθόντες.)
883 2258 1012 2307 Quo?
1046 2263 1118 2299 aut
1138 2258 1240 2313 quid
1258 2257 1330 2300 fibi
1352 2271 1480 2300 voces
1501 2255 1603 2302 istae
1618 2249 1696 2301 vo-

299 2326 428 2370 lunt?
469 2328 642 2389 apparet
669 2319 805 2361 deess'e
833 2320 1016 2375 aliquid,
1057 2333 1197 2376 neque
1227 2322 1383 2363 mendo
1423 2320 1528 2362 haec
1572 2320 1696 2363 verba

299 2400 453 2433 carere.

416 2444 554 2508 Ταίτῃ
576 2446 853 2492 κατεπέτασαν
870 2446 923 2496 οἷγ
925 2443 1062 2500 γὲἱον)
1098 2446 1298 2501 Magnum
1319 2447 1551 2489 linteamen
1571 2444 1697 2489 instar

298 2514 386 2558 veli
388 2511 594 2583 ”appellat
612 2506 776 2561 αἰγγὲἶον.
807 2521 907 2549 mox
934 2518 1058 2549 vocat
1084 2510 1187 2554 ἱςίον.
1231 2510 1302 2550 sed
1331 2522 1486 2551 vocum
1506 2525 1624 2560 αγγος
1650 2515 1697 2551 et

297 2574 453 2629 α’γγέἶον
484 2572 728 2629 ampliflima
760 2570 1011 2625 fignificatio
1032 2571 1102 2614 est.
1137 2585 1228 2628 cap.
1248 2586 1388 2614 xxm.
1410 2568 1570 2625 ἤγγισαν
1584 2565 1696 2627 οἰχό-

297 2658 388 2698 ρων,
408 2639 451 2680 id
473 2638 532 2679 est
550 2637 732 2694 φορμοΐς,
764 2635 835 2674 vel
857 2630 1025 2682 σοι’κκοις.

416 2699 686 2757 Πυρσεύοντές
704 2714 764 2749 τι,
796 2690 818 2749 ἦ
848 2692 1155 2753 &ungaria-auree.)
1205 2693 1505 2755 Πυρσεῦσαντες
1531 2695 1694 2740 editum

301 2764 518 2821 oportuit,
554 2770 600 2804 vt
619 2762 662 2803 in
686 2757 956 2814 autographo.

1544 2817 1695 2864 *Ποοῖ-
