1786 3126
788 23 790 25 μ
806 12 827 19 ι

532 124 1096 194 εΑεΑνΒοΝι“
1419 148 1504 205 ως

60 268 65 269 ’
106 274 217 328 gum
231 229 401 322 Syriae,
424 264 635 328 Aegypti,
656 261 805 317 Ponti,
830 259 1152 326 Cappadociae,
1182 259 1381 321 Per-fidis,
1405 259 1504 308 alia-

105 338 291 395 rumque
311 335 507 396 gentium
532 329 679 382 rebus,
707 325 908 376 ordinem
946 326 1109 376 secutus
1140 342 1409 395 temporum,
1439 336 1504 378 in-

35 420 41 432 ·
106 394 261 456 seruit,
284 412 461 465 propter
481 414 613 464 quae,
645 415 751 464 opus
765 394 889 445 suum
911 398 1158 458 καθολικῆν
1182 402 1369 467 Inflant,
1388 397 1504 466 quali

107 464 393 515 Vniuersalem
413 467 632 514 historiam
652 465 763 513 dieas
776 504 789 524 ,
810 471 901 513 iure
921 471 1135 516 nominat.
1199 467 1273 513 Est
1291 469 1374 513 hoc
1395 485 1503 533 quo-

109 551 194 600 que
212 533 413 583 historiae
431 535 684 597 Polybianae
706 533 864 601 grande
884 548 1008 601 atque
1030 533 1191 601 insigne
1209 533 1355 593 decu5‚
1385 534 1502 600 quod

108 620 203 652 nou
220 602 275 652 de
297 621 376 651 vna
390 617 565 673 ⁸tantum
580 617 651 651 aut
674 602 802 651 altera
824 608 997 651 natione
1023 603 1155 651 fuerit
1184 603 1396 661 inllituta3
1434 622 1503 650 ve-

108 688 210 719 rum
239 672 292 720 de
318 673 542 731 omnibus,
571 690 677 739 quae
703 685 799 719 toto
827 672 932 719 orbe
952 671 1034 719 illis
1063 672 1329 740 temporibus
1359 670 1503 719 nosce·

107 740 276 790 bantun
326 744 472 789 Cuius
500 745 666 808 generis
685 739 884 798 historia,
912 759 1048 807 quum
1077 740 1258 809 reliquas
1291 746 1380 788 eius
1408 738 1500 787 for-

108 827 205 856 mas
218 822 383 857 tantum
406 808 608 877 dignitate
629 807 816 875 superet,
836 824 1042 876 quantum
1062 823 1181 875 parte
1195 808 1331 876 aliqua
1355 807 1414 856 sui
1436 824 1502 856 to-

107 890 205 925 tum
229 878 287 926 est
303 877 597 943 praestantius3
633 883 683 926 iis
704 897 802 926 cum
830 877 1144 926 difficultatibus
1174 880 1230 926 eil
1255 881 1500 936 coniuncia‚

110 958 156 993 vt
171 945 267 1013 post
282 947 517 994 hominum
539 952 799 995 memoriam
819 965 1024 1014 perquam
1043 951 1166 1014 pauci
1179 945 1340 995 fuerint
1360 964 1502 1013 reper-

109 1018 144 1063 ti
156 1051 171 1072 ‚
189 1018 263 1081 qui
281 1019 404 1063 oneri
431 1028 551 1063 tanto
570 1013 710 1063 subire
732 1016 960 1072 auderent,
980 1034 1164 1082 quorum
1184 1029 1326 1063 autem
1349 1017 1503 1061 hume*

108 1087 166 1132 ris
186 1100 294 1131 onus
313 1082 419 1132 illud
446 1084 553 1132 bene
579 1081 763 1142 sederet,
793 1083 1040 1152 paucissimi.
1107 1083 1237 1131 Plane
1262 1082 1503 1130 inusitatam

107 1155 244 1200 animi
261 1151 624 1220 magnitudinem,
654 1166 697 1200 et
728 1171 879 1219 parum
906 1151 1038 1219 vulgo
1066 1150 1317 1199 consuetum
1341 1155 1503 1218 ingenii

106 1218 291 1268 modum
310 1239 410 1288 prae
430 1219 474 1269 se
490 1219 599 1278 fert,
622 1227 695 1286 qui
720 1219 963 1267 vniuersalis
985 1219 1205 1277 historiae,
1238 1218 1407 1285 qualem
1426 1218 1505 1269 Al-

51 1312 54 1314 ·
104 1286 295 1358 phonsus
314 1293 363 1338 X.
389 1289 592 1338 Callellae
610 1306 684 1336 rex
701 1286 847 1335 solitus
866 1302 1038 1354 optare,
1056 1285 1332 1354 scriptionem
1353 1309 1510 1358 τραγ.

106 1358 301 1426 'cavannis‘
315 1356 570 1424 aggreditur.
637 1359 827 1422 Proprias
854 1374 957 1419 vero
976 1355 1117 1403 laudes
1137 1355 1350 1404 eiusmodi
1361 1356 1502 1404 histo·

105 1429 221 1479 riae,
249 1425 281 1473 li
311 1443 653 1473 commemorare
676 1424 831 1482 velim,
873 1429 1002 1472 nimis
1030 1424 1208 1492 longum
1242 1422 1425 1483 faciam,
1458 1437 1503 1473 et

106 1491 317 1559 praeclare
335 1493 478 1541 noster
498 1495 570 1541 hic
589 1511 638 1540 ea
665 1491 790 1559 super
811 1511 871 1542 re.
884 1491 1093 1540 nonnulla
1111 1500 1252 1559 operis
1269 1491 1344 1541 sui·
1361 1497 1501 1540 initio.

49 1608 54 1615 ,
106 1560 188 1608 vel
212 1560 317 1609 illud
343 1578 548 1628 quantum
581 1561 661 1619 est,
690 1580 817 1626 quam
849 1560 1120 1610 admirabile?
1165 1558 1285 1628 posse
1312 1559 1502 1627 aliquem

106 1629 357 1678 mortalium
370 1666 384 1687 ‚
405 1629 524 1678 illam
541 1633 623 1677 Dei
647 1643 709 1676 ter
726 1634 904 1677 maximi
925 1635 1242 1684 πολυποίκιλογ
1268 1643 1310 1678 et
1336 1633 1502 1678 inenar-

105 1697 283 1747 rabilem
307 1695 579 1766 sapientiam,
607 1715 713 1764 quac
742 1716 833 1745 non
862 1716 986 1746 vnam
1011 1698 1193 1764 aliquam
1223 1713 1294 1746 aut
1321 1697 1500 1746 alteram

102 1762 352 1834 regionem,
370 1764 442 1815 sed
462 1785 565 1814 vero
587 1765 796 1814 mundum
820 1765 1059 1814 vniuersum
1079 1772 1187 1834 regit
1206 1785 1252 1814 ac
1275 1780 1499 1832 temperat,

105 1834 223 1903 quasi
249 1835 431 1903 vestigiis
463 1833 679 1903 persequi,
710 1850 852 1884 mente
880 1853 1056 1901 capere,
1084 1850 1126 1883 et
1156 1835 1502 1884 ssilo·e11arrare.²

55 1954 59 1963 ἢ
137 1902 209 1952 uid
229 1902 282 1952 de
313 1904 482 1971 populis
511 1906 724 1961 Orientis,
750 1903 852 1970 quid
877 1917 1071 1970 tempore
1101 1903 1255 1951 eodem
1288 1902 1343 1950 de
1362 1905 1501 1952 Occi·

52 1973 64 2035 1‘
105 1921 246 2024 &ntis
265 1971 409 2033 diuina
430 1972 578 2020 statuat
606 1972 896 2039 prouidentia,
929 1971 1034 2039 quid
1062 1972 1129 2020 vel
1148 1969 1414 2022 subleuandis
1431 1970 1500 2020 vel
1539 1998 1541 2001 ·

105 2041 345 2107 prauendis
364 2041 416 2088 ad
436 2041 699 2110 Aquilonem
721 2041 976 2089 Aussrumue
1009 2041 1228 2108 gentibus,
1257 2039 1405 2089 eadem
1425 2038 1500 2089 de·

108 2121 262 2159 cernat.
294 2111 400 2158 Tot
420 2129 511 2165 res,
543 2124 628 2158 tam
651 2114 807 2168 varias,
827 2108 893 2156 vel
913 2116 1060 2157 animo
1080 2107 1198 2177 poss'e
1221 2127 1384 2176 capere,
1404 2126 1500 2156 ma·

108 2194 243 2243 gnum
262 2175 334 2227 fit:
366 2177 475 2244 quid
487 2196 748 2245 componere
770 2183 880 2230 inter
899 2175 940 2224 se
954 2216 966 2235 ,
1001 2182 1046 2225 in
1067 2177 1264 2227 ordinem
1286 2177 1496 2245 digerere,

107 2257 153 2292 et
170 2249 216 2291 in
232 2250 359 2294 ¹vuius
379 2246 576 2296 historiae
602 2246 760 2295 faciem
781 2251 1063 2294 concinnare?
1091 2249 1177 2295 hoc
1195 2246 1368 2294 demum
1387 2244 1493 2292 illud

108 2330 209 2360 vere
230 2311 315 2370 est,
340 2313 457 2380 quod
485 2319 611 2364 initio
639 2315 905 2372 dicebamus,
928 2314 1174 2363 ministrum
1201 2313 1497 2381 prouidentiae

110 2379 280 2428 diuinae
300 2386 345 2430 in
374 2387 492 2430 terris
513 2402 652 2452 agere.
718 2383 918 2445 Polybius
948 2387 1102 2450 igitur,
1134 2387 1259 2431 tantis
1290 2382 1344 2429 de
1370 2381 1495 2430 rebus

109 2463 201 2497 tam
221 2448 443 2514 exquisitae
464 2449 632 2498 formae
650 2451 891 2511 historiam,
925 2470 1056 2517 quam
1075 2451 1359 2508 moliebatur,
1384 2448 1496 2498 vltra

47 2539 59 2576 ἡ
109 2517 208 2568 illos
232 2535 326 2565 Lm.
343 2535 477 2566 annos
489 2555 503 2576 ,
521 2533 563 2566 et
582 2537 736 2585 paucos
751 2520 856 2569 alios
874 2525 988 2586 pacis
1006 2537 1149 2567 curam
1169 2517 1285 2566 suam
1304 2535 1394 2564 non
1421 2536 1494 2566 ex.

0 2632 1 2635 ,
43 2646 48 2650 ¹
109 2584 317 2637 tendebat.
357 2590 431 2652 qui
452 2601 594 2634 tamen
623 2605 674 2634 eo
703 2587 846 2636 labore
874 2587 1143 2654 perfundius,
1174 2604 1334 2634 nouam
1362 2587 1492 2634 hisso-

34 2692 52 2721 .‘
106 2658 215 2705 riam
234 2671 447 2701 annorum
468 2659 632 2703 circiter
653 2657 781 2718 odio,
801 2655 1201 2719 eorum-bellorum,
1223 2655 1374 2722 quibus
1402 2653 1489 2721 ipse

107 2735 157 2770 ‘vt
173 2722 407 2790 plurimum
420 2721 669 2772 interfuerat
682 2761 695 2781 ,
715 2729 848 2793 priori
858 2724 1090 2772 subtexuit:
1124 2740 1146 2769 a
1167 2727 1381 2790 principio
1393 2724 1489 2772 Cel-

892 2795 949 2837 ὃς
983 2810 1008 2851 3
1384 2793 1487 2839 tibe-
