1786 3126
299 142 466 189 606*
742 145 1276 194 DEDICATIO

300 276 469 318 mores,
489 258 676 308 instituta
691 297 705 319 ,
723 259 838 328 gesta
851 301 863 319 ‚
882 264 1118 310 memoriae
1145 260 1448 311 commendet?
1483 267 1617 312 vitam
1636 279 1709 311 ex·

302 328 457 396 emplis
477 327 678 379 instruat?
709 327 890 389 caussas,
917 345 1097 379 euentus
1121 345 1163 379 et
1188 328 1395 389 modum,
1417 347 1596 398 quoni-es
1610 337 1707 400 geri

247 403 250 405 ’
303 416 521 466 quaeque,
543 397 628 448 fiue
648 417 672 446 a
691 404 868 466 togatis,
889 398 976 447 fiue
997 418 1019 447 a
1037 398 1185 467 sagatis
1206 397 1368 457 solent,
1398 404 1584 466 aperiat,
1612 418 1707 449 nar-

301 481 385 524 ret,
406 482 448 517 et
474 465 686 516 narrando
699 506 714 527 ,
734 487 834 517 cum
855 464 1091 534 praesentes
1114 483 1205 516 tum
1224 465 1511 535 post-futuros
1528 469 1707 518 doceat?

300 536 428 586 Vnde
448 533 634 603 sequitur
651 534 906 595 necessario,
937 556 1060 595 eum,
1081 542 1156 606 qui
1174 540 1451 586 in'memoria
1477 556 1623 587 rerum
1644 536 1707 586 se·

301 611 410 655 riam
432 620 473 654 et
498 605 749 674 diligentem
772 624 951 673 operam
972 605 1185 672 posuerit,
1205 605 1454 674 multiplicis
1483 612 1707 674 experien-

300 681 387 724 tiae
409 675 625 734 frustum,
648 694 737 723 non
755 675 895 723 multo
917 675 1039 724 aliter
1057 674 1155 723 fore
1174 674 1386 735 laturum,
1417 693 1549 743 quam
1563 676 1708 743 -fisspe-

299 744 484 795 riculuin
514 743 692 811 ipsemet
723 741 901 792 fecisset.
974 744 1048 792 Est
1079 743 1284 812 quidem,
1309 742 1477 802 fateor,
1502 745 1576 794 illa
1597 762 1706 812 quae

301 818 398 863 ac‘lu
419 828 461 862 et
483 818 595 861 inter
617 811 702 879 ipsa
722 811 965 870 discrimina
988 813 1205 881 colligitur
1217 818 1490 882 experientia,
1517 813 1706 882 aliquan·

298 899 349 933 to
377 883 612 931 efficacior:
642 880 714 929 scd
735 885 840 930 haec
858 880 934 929 dos
957 897 1064 950 quot
1085 884 1201 942 aliis,
1225 902 1356 950 quam
1382 901 1427 931 m
1482 887 1574 942 nis,
1601 901 1707 951 pen-

297 951 411 1003 satur
430 951 741 1012 incommodis;
790 952 998 999 breuitate
1026 956 1136 999 vitae
1154 958 1283 1000 ctiam
1309 952 1430 1020 longi
1466 969 1606 1012 nnat-23
1640 970 1706 1000 ra·

297 1027 422 1071 ritate
442 1021 737 1079 occasionum3
768 1025 976 1086 paucitate
1006 1039 1176 1079 rerum,
1208 1039 1310 1089 quas
1341 1026 1387 1069 in
1407 1035 1543 1070 aetate
1558 1039 1707 1089 quam·

280 1096 364 1138 ‘uis
385 1091 515 1156 longa
536 1092 707 1136 homini
737 1093 949 1156 contingit
980 1095 1186 1156 experiri:
1218 1095 1432 1138 aerumnis
1460 1104 1507 1138 et
1531 1094 1708 1159 ,pericu-

297 1160 350 1209 lis
374 1163 548 1207 interim
567 1156 794 1215 adeundis,
823 1176 846 1204 e
867 1158 1017 1222 quibus
1038 1173 1268 1226 emergunt·
1281 1158 1446 1226 oppido
1466 1164 1616 1226 pauci5
1650 1157 1704 1207 ad

299 1242 541 1277 extremum
560 1225 832 1275 frustratione
862 1227 972 1274 finis.
1018 1227 1192 1294 quando
1220 1233 1337 1276 enim
1369 1228 1443 1276 issa
1473 1228 1610 1296 longo
1629 1225 1705 1276 vsu

296 1312 416 1366 parta
435 1313 477 1345 et
496 1297 749 1344 confirmata
762 1294 987 1362 prudentia
1007 1302 1196 1345 vtemur?
1231 1311 1324 1345 tum
1346 1297 1476 1345 credo
1489 1335 1503 1355 ,
1524 1316 1623 1345 cum
1633 1316 1705 1348 ru·

298 1374 363 1435 gis
384 1383 543 1415 aratam
563 1363 718 1413 faciem
741 1362 864 1412 frons
882 1362 1067 1430 asperat,
1097 1383 1250 1432 corpus
1277 1384 1428 1431 parum
1447 1365 1632 1414 solidum
1659 1381 1704 1416 et

297 1442 386 1485 iam
409 1433 617 1486 effoetum
643 1433 809 1483 senecia
834 1432 1046 1482 dissoluit:
1084 1453 1214 1500 quam
1248 1447 1429 1483 aetatem
1455 1439 1527 1483 vix
1551 1433 1704 1486 dandis

298 1505 484 1556 confiliis
517 1519 685 1570 aptam,
716 1517 829 1551 certe
857 1509 1022 1570 magnis
1050 1501 1314 1551 facinoribus
1339 1502 1606 1571 designandis
1631 1520 1706 1571 pa-

297 1575 542 1641 trandisque
577 1570 660 1620 esse
693 1577 907 1638 ineptam,
951 1578 1079 1620 etiam
1110 1578 1242 1620 veteri
1269 1575 1536 1620 Graecorum
1572 1574 1714 1625 verbo,

296 1661 543 1694 monemur.
611 1645 757 1707 Itaque
780 1641 1127 1689 Themistoclem
1141 1680 1154 1699 ,
1186 1661 1285 1690 cum
1306 1660 1439 1689 annos
1460 1657 1581 1690 natus
1603 1656 1703 1691 cen·

295 1728 391 1762 tum
412 1725 454 1761 et
472 1709 633 1778 septem
655 1725 919 1771 moreretur,
955 1729 1054 1757 cum
1075 1724 1221 1757 natura
1239 1707 1517 1776 expostulasse
1539 1716 1701 1777 accepi·

297 1801 424 1842 mus3
454 1779 570 1848 quod
590 1793 692 1827 tunc
705 1777 1011 1846 egrediendum
1030 1775 1132 1826 effet
1155 1797 1178 1825 e
1197 1784 1279 1826 vita
1292 1817 1305 1837 ,
1327 1777 1499 1845 quando
1512 1778 1586 1827 vsu
1605 1779 1701 1828 lon·

295 1870 356 1920 go
377 1849 523 1918 sapere
544 1846 764 1897 didiciffet.
836 1850 1034 1895 Omnino
1064 1853 1142 1895 tria
1168 1847 1264 1895 sunt
1299 1845 1558 1907 commoda,
1591 1867 1700 1916 quae

296 1926 589 1986 experimenta
609 1918 797 1985 politicis
826 1913 1034 1974 afferunt,
1068 1920 1142 1985 qui
1166 1916 1232 1964 vel
1263 1922 1308 1964 in
1334 1914 1701 1966 administratione

293 1988 460 2056 reipub,
483 1987 550 2036 vel
570 1993 615 2034 in
627 2006 674 2035 re
687 1986 833 2034 bellica
854 1989 954 2051 (hae
973 1983 1068 2035 sunt
1087 1999 1224 2052 partes
1244 1983 1351 2034 duae
1367 1985 1533 2053 politici
1552 1984 1700 2048 studii)

295 2057 369 2107 diu
398 2056 668 2123 multumque
697 2053 858 2103 fuerint
891 2053 1051 2103 versati.
1118 2057 1336 2112 Primum,
1366 2053 1486 2121 quod
1514 2059 1700 2104 rationes

294 2123 512 2176 addiscunt
534 2142 687 2172 eorum
709 2123 986 2190 perficiendi,
1012 2142 1119 2185 quae
1140 2128 1186 2171 in
1211 2123 1404 2172 conciliis
1422 2122 1604 2182 publicis
1627 2138 1699 2176 aut

293 2199 539 2264 principum
559 2197 709 2261 agitari
731 2207 897 2251 amant,
921 2206 964 2241 et
982 2210 1090 2259 quae
1109 2191 1202 2240 vsus
1221 2191 1322 2240 belli
1342 2191 1536 2259 postulat.
1565 2195 1696 2256 Nam,

295 2268 415 2314 verbi
434 2269 590 2334 gratia,
621 2266 695 2330 qui
729 2260 779 2309 fit
807 2261 963 2309 modus
990 2262 1136 2308 vrbem
1169 2278 1332 2310 corona
1362 2260 1588 2328 cingendi,
1615 2266 1698 2310 eir-

294 2331 608 2389 cumuallandi,
637 2335 901 2378 munitiones
924 2328 1187 2392 exstruendi,
1219 2330 1417 2378 stationes
1436 2329 1696 2390 collocandi,

294 2406 513 2454 machinas
535 2398 816 2467 expediendi,
838 2397 1055 2465 quatiendi
1077 2404 1278 2455 moenia,
1305 2398 1525 2449 cuniculos
1544 2415 1698 2447 canan·

294 2474 365 2532 di,
384 2468 511 2520 fossas
533 2468 805 2535 complendi,
834 2474 878 2515 in
912 2467 1078 2516 infidias
1111 2464 1295 2516 obsessos
1321 2466 1548 2528 eliciendi,
1578 2472 1696 2518 inani

291 2541 432 2609 specie
455 2537 666 2596 terrendi,
691 2538 910 2604 postremo
931 2537 1225 2603 irrumpendi3
1261 2537 1448 2586 illiterati
1478 2541 1693 2604 ignorant,

293 2616 369 2678 qui
387 2628 527 2678 neque
550 2607 753 2674 stipendia
777 2605 858 2653 vlla
880 2605 1102 2661 fecerunt,
1130 2623 1269 2672 neque
1291 2604 1581 2654 obfidionibus
1603 2622 1693 2651 vm-

290 2698 421 2748 quam
447 2676 747 2727 interfuerunt.
782 2673 837 2722 fic
859 2680 1007 2722 metari
1026 2674 1154 2722 castra
1171 2674 1274 2741 quid
1296 2673 1370 2730 fit,
1390 2674 1538 2723 locum
1555 2672 1694 2740 *elige-

289 2766 338 2797 re
369 2746 446 2797 fibi
473 2743 785 2800 commodum,
828 2743 940 2814 hosti
973 2749 1221 2802 inimicmn,
1267 2743 1431 2811 vigilias
1452 2740 1693 2809 disponere,

1522 2828 1695 2876 agililne
