<?xml version="1.0" encoding="UTF-8"?>
<!DOCTYPE html PUBLIC "-//W3C//DTD XHTML 1.0 Transitional//EN"
    "http://www.w3.org/TR/xhtml1/DTD/xhtml1-transitional.dtd">
<html xmlns="http://www.w3.org/1999/xhtml" xml:lang="en" lang="en">
 <head>
  <title>
</title>
<meta http-equiv="Content-Type" content="text/html;charset=utf-8" />
  <meta name='ocr-system' content='tesseract 3.04.00' />
  <meta name='ocr-capabilities' content='ocr_page ocr_carea ocr_par ocr_line ocrx_word'/>
</head>
<body>
  <div class='ocr_page' id='page_1' title='image "./historiarumquaes03polyuoft_0396.png"; bbox 0 0 1786 3126; ppageno 0'>
   <div class='ocr_carea' id='block_1_1' title="bbox 290 149 375 196">
    <p class='ocr_par' dir='ltr' id='par_1_1' title="bbox 290 149 375 196">
     <span class='ocr_line' id='line_1_1' title="bbox 290 149 375 196; baseline 0.035 -3"><span class='ocrx_word' id='word_1_1' title='bbox 290 149 375 196; x_wconf 79' lang='lat'>390</span> 
     </span>
    </p>
   </div>
   <div class='ocr_carea' id='block_1_2' title="bbox 277 247 1786 2840">
    <p class='ocr_par' dir='ltr' id='par_1_2' title="bbox 277 247 1786 2840">
     <span class='ocr_line' id='line_1_2' title="bbox 291 247 1697 316; baseline 0 -14"><span class='ocrx_word' id='word_1_2' title='bbox 291 268 400 303; x_wconf 86' lang='lat' dir='ltr'>rum</span> <span class='ocrx_word' id='word_1_3' title='bbox 420 249 732 316; x_wconf 88' lang='lat' dir='ltr'>instaurator,</span> <span class='ocrx_word' id='word_1_4' title='bbox 763 264 814 305; x_wconf 90' lang='lat' dir='ltr'>et</span> <span class='ocrx_word' id='word_1_5' title='bbox 838 248 1084 307; x_wconf 80' lang='lat' dir='ltr'>Hem-icus</span> <span class='ocrx_word' id='word_1_6' title='bbox 1105 252 1163 304; x_wconf 86' lang='grc' dir='ltr'>Π.</span> <span class='ocrx_word' id='word_1_7' title='bbox 1191 250 1264 302; x_wconf 86' lang='lat' dir='ltr'>Fr.</span> <span class='ocrx_word' id='word_1_8' title='bbox 1286 250 1334 301; x_wconf 83' lang='lat' dir='ltr'>F.</span> <span class='ocrx_word' id='word_1_9' title='bbox 1361 254 1416 302; x_wconf 87' lang='lat' dir='ltr'>in</span> <span class='ocrx_word' id='word_1_10' title='bbox 1446 250 1579 302; x_wconf 85' lang='lat' dir='ltr'>Italia</span> <span class='ocrx_word' id='word_1_11' title='bbox 1609 247 1697 302; x_wconf 75' lang='lat' dir='ltr'>fibi</span> 
     </span>
     <span class='ocr_line' id='line_1_3' title="bbox 293 319 1699 388; baseline 0.001 -17"><span class='ocrx_word' id='word_1_12' title='bbox 293 332 346 372; x_wconf 89' lang='lat' dir='ltr'>et</span> <span class='ocrx_word' id='word_1_13' title='bbox 374 320 582 372; x_wconf 87' lang='lat' dir='ltr'>Graecia</span> <span class='ocrx_word' id='word_1_14' title='bbox 615 327 840 388; x_wconf 85' lang='lat' dir='ltr'>conquiri</span> <span class='ocrx_word' id='word_1_15' title='bbox 876 325 957 374; x_wconf 85' lang='lat' dir='ltr'>vel</span> <span class='ocrx_word' id='word_1_16' title='bbox 989 321 1187 375; x_wconf 90' lang='lat' dir='ltr'>describi</span> <span class='ocrx_word' id='word_1_17' title='bbox 1230 319 1472 370; x_wconf 77' lang='lat' dir='ltr'>iuss’erunt.</span> <span class='ocrx_word' id='word_1_18' title='bbox 1539 321 1699 372; x_wconf 81' lang='lat' dir='ltr'>Porro</span> 
     </span>
     <span class='ocr_line' id='line_1_4' title="bbox 292 388 1699 458; baseline -0.001 -17"><span class='ocrx_word' id='word_1_19' title='bbox 292 389 376 441; x_wconf 89' lang='lat' dir='ltr'>hic</span> <span class='ocrx_word' id='word_1_20' title='bbox 398 388 627 458; x_wconf 87' lang='lat' dir='ltr'>scriptor,</span> <span class='ocrx_word' id='word_1_21' title='bbox 657 409 763 442; x_wconf 86' lang='lat' dir='ltr'>non</span> <span class='ocrx_word' id='word_1_22' title='bbox 782 392 892 443; x_wconf 91' lang='lat' dir='ltr'>illos</span> <span class='ocrx_word' id='word_1_23' title='bbox 915 392 1066 444; x_wconf 90' lang='lat' dir='ltr'>solum</span> <span class='ocrx_word' id='word_1_24' title='bbox 1087 388 1365 450; x_wconf 84' lang='lat' dir='ltr'>vniuersos‚</span> <span class='ocrx_word' id='word_1_25' title='bbox 1400 404 1526 454; x_wconf 87' lang='lat' dir='ltr'>quos</span> <span class='ocrx_word' id='word_1_26' title='bbox 1546 390 1699 458; x_wconf 87' lang='lat' dir='ltr'>modo</span> 
     </span>
     <span class='ocr_line' id='line_1_5' title="bbox 294 460 1700 526; baseline -0.001 -18"><span class='ocrx_word' id='word_1_27' title='bbox 294 463 575 519; x_wconf 83' lang='lat' dir='ltr'>nominaui,</span> <span class='ocrx_word' id='word_1_28' title='bbox 621 460 852 510; x_wconf 84' lang='lat' dir='ltr'>vetustate</span> <span class='ocrx_word' id='word_1_29' title='bbox 890 462 1039 526; x_wconf 67' lang='lat' dir='ltr'>longe</span> <span class='ocrx_word' id='word_1_30' title='bbox 1079 461 1291 525; x_wconf 81' lang='lat' dir='ltr'>superat3</span> <span class='ocrx_word' id='word_1_31' title='bbox 1343 474 1515 507; x_wconf 89' lang='lat' dir='ltr'>verum</span> <span class='ocrx_word' id='word_1_32' title='bbox 1553 463 1700 507; x_wconf 86' lang='lat' dir='ltr'>etiam</span> 
     </span>
     <span class='ocr_line' id='line_1_6' title="bbox 291 525 1699 595; baseline -0.001 -18"><span class='ocrx_word' id='word_1_33' title='bbox 291 526 600 579; x_wconf 82' lang='lat' dir='ltr'>Graecorum</span> <span class='ocrx_word' id='word_1_34' title='bbox 621 535 870 592; x_wconf 86' lang='lat' dir='ltr'>omnium,</span> <span class='ocrx_word' id='word_1_35' title='bbox 886 535 968 595; x_wconf 85' lang='lat' dir='ltr'>qui</span> <span class='ocrx_word' id='word_1_36' title='bbox 989 530 1046 580; x_wconf 90' lang='lat' dir='ltr'>de</span> <span class='ocrx_word' id='word_1_37' title='bbox 1069 534 1140 578; x_wconf 88' lang='lat' dir='ltr'>rei</span> <span class='ocrx_word' id='word_1_38' title='bbox 1159 530 1376 576; x_wconf 82' lang='lat' dir='ltr'>militaris</span> <span class='ocrx_word' id='word_1_39' title='bbox 1397 525 1591 576; x_wconf 86' lang='lat' dir='ltr'>scientia</span> <span class='ocrx_word' id='word_1_40' title='bbox 1612 525 1699 575; x_wconf 84' lang='lat' dir='ltr'>ali-</span> 
     </span>
     <span class='ocr_line' id='line_1_7' title="bbox 292 594 1700 665; baseline -0.002 -20"><span class='ocrx_word' id='word_1_41' title='bbox 292 596 408 662; x_wconf 87' lang='lat' dir='ltr'>quid</span> <span class='ocrx_word' id='word_1_42' title='bbox 431 595 552 647; x_wconf 89' lang='lat' dir='ltr'>serio</span> <span class='ocrx_word' id='word_1_43' title='bbox 581 597 888 663; x_wconf 80' lang='lat' dir='ltr'>scripserunt,</span> <span class='ocrx_word' id='word_1_44' title='bbox 907 615 1031 665; x_wconf 90' lang='lat' dir='ltr'>pene</span> <span class='ocrx_word' id='word_1_45' title='bbox 1052 597 1146 648; x_wconf 87' lang='lat' dir='ltr'>fuit</span> <span class='ocrx_word' id='word_1_46' title='bbox 1166 601 1360 660; x_wconf 76' lang='lat' dir='ltr'>primus.</span> <span class='ocrx_word' id='word_1_47' title='bbox 1395 596 1518 644; x_wconf 88' lang='lat' dir='ltr'>Nam</span> <span class='ocrx_word' id='word_1_48' title='bbox 1531 594 1700 644; x_wconf 77' lang='lat' dir='ltr'>Aelia-</span> 
     </span>
     <span class='ocr_line' id='line_1_8' title="bbox 293 662 1701 731; baseline -0.002 -17"><span class='ocrx_word' id='word_1_49' title='bbox 293 681 414 725; x_wconf 83' lang='lat' dir='ltr'>nus,</span> <span class='ocrx_word' id='word_1_50' title='bbox 449 666 604 716; x_wconf 87' lang='lat' dir='ltr'>homo</span> <span class='ocrx_word' id='word_1_51' title='bbox 633 665 1001 728; x_wconf 86' lang='lat' dir='ltr'>eruditiffimus,</span> <span class='ocrx_word' id='word_1_52' title='bbox 1039 672 1122 731; x_wconf 86' lang='lat' dir='ltr'>qui</span> <span class='ocrx_word' id='word_1_53' title='bbox 1154 666 1359 716; x_wconf 86' lang='lat' dir='ltr'>Traiani</span> <span class='ocrx_word' id='word_1_54' title='bbox 1390 675 1442 713; x_wconf 80' lang='lat' dir='ltr'>et</span> <span class='ocrx_word' id='word_1_55' title='bbox 1465 662 1701 714; x_wconf 86' lang='lat' dir='ltr'>Hadriani</span> 
     </span>
     <span class='ocr_line' id='line_1_9' title="bbox 292 733 1703 801; baseline -0.002 -17"><span class='ocrx_word' id='word_1_56' title='bbox 292 734 593 798; x_wconf 85' lang='lat' dir='ltr'>temporibus</span> <span class='ocrx_word' id='word_1_57' title='bbox 612 737 830 797; x_wconf 89' lang='lat' dir='ltr'>viuebat‚</span> <span class='ocrx_word' id='word_1_58' title='bbox 865 753 1014 801; x_wconf 88' lang='lat' dir='ltr'>quum</span> <span class='ocrx_word' id='word_1_59' title='bbox 1034 734 1092 786; x_wconf 91' lang='lat' dir='ltr'>ab</span> <span class='ocrx_word' id='word_1_60' title='bbox 1110 735 1280 786; x_wconf 77' lang='lat' dir='ltr'>Vltima</span> <span class='ocrx_word' id='word_1_61' title='bbox 1301 737 1584 799; x_wconf 80' lang='lat' dir='ltr'>antiquitate</span> <span class='ocrx_word' id='word_1_62' title='bbox 1605 733 1703 782; x_wconf 88' lang='lat' dir='ltr'>dis-</span> 
     </span>
     <span class='ocr_line' id='line_1_10' title="bbox 296 801 1702 870; baseline -0.001 -19"><span class='ocrx_word' id='word_1_63' title='bbox 296 803 502 868; x_wconf 87' lang='lat' dir='ltr'>ciplinae</span> <span class='ocrx_word' id='word_1_64' title='bbox 523 803 753 855; x_wconf 69' lang='lat' dir='ltr'>Taeticae</span> <span class='ocrx_word' id='word_1_65' title='bbox 776 804 996 856; x_wconf 62' lang='lat' dir='ltr'>auctores</span> <span class='ocrx_word' id='word_1_66' title='bbox 1016 814 1278 870; x_wconf 81' lang='lat' dir='ltr'>repeteret,</span> <span class='ocrx_word' id='word_1_67' title='bbox 1309 801 1570 853; x_wconf 89' lang='lat' dir='ltr'>secundum</span> <span class='ocrx_word' id='word_1_68' title='bbox 1592 801 1702 850; x_wconf 91' lang='lat' dir='ltr'>Ho-</span> 
     </span>
     <span class='ocr_line' id='line_1_11' title="bbox 292 868 1702 938; baseline -0.001 -18"><span class='ocrx_word' id='word_1_69' title='bbox 292 887 483 921; x_wconf 85' lang='lat' dir='ltr'>merum</span> <span class='ocrx_word' id='word_1_70' title='bbox 514 882 565 921; x_wconf 84' lang='lat' dir='ltr'>et</span> <span class='ocrx_word' id='word_1_71' title='bbox 596 889 711 935; x_wconf 77' lang='lat' dir='ltr'>e08,</span> <span class='ocrx_word' id='word_1_72' title='bbox 752 877 836 938; x_wconf 87' lang='lat' dir='ltr'>qui</span> <span class='ocrx_word' id='word_1_73' title='bbox 871 874 1081 922; x_wconf 82' lang='lat' dir='ltr'>Homeri</span> <span class='ocrx_word' id='word_1_74' title='bbox 1112 868 1334 926; x_wconf 72' lang='grc' dir='ltr'>Τακτικῆν</span> <span class='ocrx_word' id='word_1_75' title='bbox 1364 868 1702 936; x_wconf 81' lang='lat' dir='ltr'>exposuerant,</span> 
     </span>
     <span class='ocr_line' id='line_1_12' title="bbox 290 938 1704 1002; baseline -0.001 -14"><span class='ocrx_word' id='word_1_76' title='bbox 290 954 541 988; x_wconf 61' lang='lat' dir='ltr'>*Aeneam</span> <span class='ocrx_word' id='word_1_77' title='bbox 577 953 688 991; x_wconf 89' lang='lat' dir='ltr'>ante</span> <span class='ocrx_word' id='word_1_78' title='bbox 723 957 896 992; x_wconf 88' lang='lat' dir='ltr'>omnes</span> <span class='ocrx_word' id='word_1_79' title='bbox 927 939 1155 993; x_wconf 86' lang='lat' dir='ltr'>recenset.</span> <span class='ocrx_word' id='word_1_80' title='bbox 1201 942 1261 989; x_wconf 91' lang='lat' dir='ltr'>Et</span> <span class='ocrx_word' id='word_1_81' title='bbox 1282 939 1415 990; x_wconf 84' lang='lat' dir='ltr'>addit</span> <span class='ocrx_word' id='word_1_82' title='bbox 1450 938 1704 1002; x_wconf 85' lang='lat' dir='ltr'>Aelianus,</span> 
     </span>
     <span class='ocr_line' id='line_1_13' title="bbox 293 1006 1703 1073; baseline 0 -16"><span class='ocrx_word' id='word_1_83' title='bbox 293 1006 576 1059; x_wconf 83' lang='lat' dir='ltr'>Theffalum</span> <span class='ocrx_word' id='word_1_84' title='bbox 610 1008 843 1072; x_wconf 85' lang='lat' dir='ltr'>Cineam,</span> <span class='ocrx_word' id='word_1_85' title='bbox 897 1008 1312 1072; x_wconf 83' lang='lat' dir='ltr'>prudentiffimum</span> <span class='ocrx_word' id='word_1_86' title='bbox 1351 1008 1487 1059; x_wconf 90' lang='lat' dir='ltr'>illum</span> <span class='ocrx_word' id='word_1_87' title='bbox 1524 1007 1703 1073; x_wconf 79' lang='lat' dir='ltr'>Pyrrhi</span> 
     </span>
     <span class='ocr_line' id='line_1_14' title="bbox 297 1076 1704 1141; baseline 0.001 -16"><span class='ocrx_word' id='word_1_88' title='bbox 297 1079 430 1139; x_wconf 74' lang='lat' dir='ltr'>regis</span> <span class='ocrx_word' id='word_1_89' title='bbox 455 1080 663 1126; x_wconf 87' lang='lat' dir='ltr'>amicum</span> <span class='ocrx_word' id='word_1_90' title='bbox 695 1087 745 1126; x_wconf 89' lang='lat' dir='ltr'>et</span> <span class='ocrx_word' id='word_1_91' title='bbox 775 1076 1128 1141; x_wconf 74' lang='lat' dir='ltr'>consiliarium,</span> <span class='ocrx_word' id='word_1_92' title='bbox 1163 1077 1364 1127; x_wconf 82' lang='lat' dir='ltr'>Aeneae</span> <span class='ocrx_word' id='word_1_93' title='bbox 1400 1085 1704 1127; x_wconf 84' lang='lat' dir='ltr'>commenta-</span> 
     </span>
     <span class='ocr_line' id='line_1_15' title="bbox 298 1143 1707 1213; baseline 0.001 -20"><span class='ocrx_word' id='word_1_94' title='bbox 298 1147 403 1193; x_wconf 83' lang='lat' dir='ltr'>rios</span> <span class='ocrx_word' id='word_1_95' title='bbox 425 1144 765 1213; x_wconf 60' lang='lat' dir='ltr'>quoernymzic,</span> <span class='ocrx_word' id='word_1_96' title='bbox 798 1143 926 1208; x_wconf 78' lang='lat' dir='ltr'>flue,</span> <span class='ocrx_word' id='word_1_97' title='bbox 961 1147 1019 1197; x_wconf 90' lang='lat' dir='ltr'>de</span> <span class='ocrx_word' id='word_1_98' title='bbox 1041 1151 1124 1209; x_wconf 85' lang='lat' dir='ltr'>iis,</span> <span class='ocrx_word' id='word_1_99' title='bbox 1158 1161 1279 1212; x_wconf 84' lang='lat' dir='ltr'>quae</span> <span class='ocrx_word' id='word_1_100' title='bbox 1307 1145 1365 1195; x_wconf 86' lang='lat' dir='ltr'>ad</span> <span class='ocrx_word' id='word_1_101' title='bbox 1398 1148 1707 1210; x_wconf 81' lang='lat' dir='ltr'>imperatoris</span> 
     </span>
     <span class='ocr_line' id='line_1_16' title="bbox 301 1209 1703 1284; baseline 0.001 -23"><span class='ocrx_word' id='word_1_102' title='bbox 301 1209 521 1263; x_wconf 87' lang='lat' dir='ltr'>officium</span> <span class='ocrx_word' id='word_1_103' title='bbox 552 1217 825 1279; x_wconf 78' lang='lat' dir='ltr'>pertinent,</span> <span class='ocrx_word' id='word_1_104' title='bbox 869 1217 921 1264; x_wconf 92' lang='lat' dir='ltr'>in</span> <span class='ocrx_word' id='word_1_105' title='bbox 956 1214 1302 1284; x_wconf 89' lang='lat' dir='ltr'>compendium</span> <span class='ocrx_word' id='word_1_106' title='bbox 1337 1211 1580 1280; x_wconf 67' lang='lat' dir='ltr'>redegisse.</span> <span class='ocrx_word' id='word_1_107' title='bbox 1649 1210 1703 1262; x_wconf 88' lang='lat' dir='ltr'>Id</span> 
     </span>
     <span class='ocr_line' id='line_1_17' title="bbox 301 1279 1704 1348; baseline 0 -18"><span class='ocrx_word' id='word_1_108' title='bbox 301 1285 467 1346; x_wconf 86' lang='lat' dir='ltr'>operis</span> <span class='ocrx_word' id='word_1_109' title='bbox 494 1297 601 1332; x_wconf 88' lang='lat' dir='ltr'>non</span> <span class='ocrx_word' id='word_1_110' title='bbox 633 1281 785 1333; x_wconf 87' lang='lat' dir='ltr'>solum</span> <span class='ocrx_word' id='word_1_111' title='bbox 824 1282 947 1348; x_wconf 88' lang='lat' dir='ltr'>apud</span> <span class='ocrx_word' id='word_1_112' title='bbox 981 1283 1227 1345; x_wconf 78' lang='lat' dir='ltr'>GraeCOS,</span> <span class='ocrx_word' id='word_1_113' title='bbox 1277 1281 1357 1332; x_wconf 88' lang='lat' dir='ltr'>sed</span> <span class='ocrx_word' id='word_1_114' title='bbox 1391 1286 1535 1332; x_wconf 87' lang='lat' dir='ltr'>etiam</span> <span class='ocrx_word' id='word_1_115' title='bbox 1578 1279 1704 1347; x_wconf 87' lang='lat' dir='ltr'>apud</span> 
     </span>
     <span class='ocr_line' id='line_1_18' title="bbox 298 1347 1704 1418; baseline 0 -18"><span class='ocrx_word' id='word_1_116' title='bbox 298 1348 577 1412; x_wconf 84' lang='lat' dir='ltr'>Romanos,</span> <span class='ocrx_word' id='word_1_117' title='bbox 610 1355 663 1401; x_wconf 86' lang='lat' dir='ltr'>in</span> <span class='ocrx_word' id='word_1_118' title='bbox 686 1367 866 1417; x_wconf 82' lang='lat' dir='ltr'>magno</span> <span class='ocrx_word' id='word_1_119' title='bbox 890 1350 1137 1418; x_wconf 86' lang='lat' dir='ltr'>quondam</span> <span class='ocrx_word' id='word_1_120' title='bbox 1157 1354 1316 1417; x_wconf 86' lang='lat' dir='ltr'>pretio</span> <span class='ocrx_word' id='word_1_121' title='bbox 1338 1347 1472 1402; x_wconf 80' lang='lat' dir='ltr'>fuiffe</span> <span class='ocrx_word' id='word_1_122' title='bbox 1504 1364 1704 1416; x_wconf 87' lang='lat' dir='ltr'>compe-</span> 
     </span>
     <span class='ocr_line' id='line_1_19' title="bbox 298 1417 1707 1488; baseline -0.002 -18"><span class='ocrx_word' id='word_1_123' title='bbox 298 1421 418 1470; x_wconf 83' lang='lat' dir='ltr'>rior.</span> <span class='ocrx_word' id='word_1_124' title='bbox 487 1420 613 1470; x_wconf 88' lang='lat' dir='ltr'>Nam</span> <span class='ocrx_word' id='word_1_125' title='bbox 636 1419 842 1470; x_wconf 86' lang='lat' dir='ltr'>Romani</span> <span class='ocrx_word' id='word_1_126' title='bbox 863 1436 1115 1488; x_wconf 85' lang='lat' dir='ltr'>proceres,</span> <span class='ocrx_word' id='word_1_127' title='bbox 1153 1433 1278 1484; x_wconf 88' lang='lat' dir='ltr'>quos</span> <span class='ocrx_word' id='word_1_128' title='bbox 1297 1418 1409 1469; x_wconf 86' lang='lat' dir='ltr'>alibi</span> <span class='ocrx_word' id='word_1_129' title='bbox 1427 1417 1707 1474; x_wconf 75' lang='lat' dir='ltr'>dicebamus</span> 
     </span>
     <span class='ocr_line' id='line_1_20' title="bbox 300 1486 1707 1540; baseline -0.001 -3"><span class='ocrx_word' id='word_1_130' title='bbox 300 1491 376 1537; x_wconf 86' lang='lat' dir='ltr'>rei</span> <span class='ocrx_word' id='word_1_131' title='bbox 401 1486 600 1538; x_wconf 77' lang='lat' dir='ltr'>bellicae</span> <span class='ocrx_word' id='word_1_132' title='bbox 626 1487 872 1539; x_wconf 87' lang='lat' dir='ltr'>scientiam</span> <span class='ocrx_word' id='word_1_133' title='bbox 893 1506 954 1539; x_wconf 88' lang='lat' dir='ltr'>ex</span> <span class='ocrx_word' id='word_1_134' title='bbox 974 1488 1280 1540; x_wconf 87' lang='lat' dir='ltr'>historiarum</span> <span class='ocrx_word' id='word_1_135' title='bbox 1309 1491 1519 1538; x_wconf 84' lang='lat' dir='ltr'>maxime</span> <span class='ocrx_word' id='word_1_136' title='bbox 1535 1497 1585 1537; x_wconf 83' lang='lat' dir='ltr'>et</span> <span class='ocrx_word' id='word_1_137' title='bbox 1601 1487 1707 1536; x_wconf 91' lang='lat' dir='ltr'>Ta-</span> 
     </span>
     <span class='ocr_line' id='line_1_21' title="bbox 277 1553 1708 1623; baseline 0.001 -18"><span class='ocrx_word' id='word_1_138' title='bbox 277 1553 542 1615; x_wconf 28' lang='lat' dir='ltr'>*eticorum</span> <span class='ocrx_word' id='word_1_139' title='bbox 566 1555 777 1608; x_wconf 64' lang='lat' dir='ltr'>lectione</span> <span class='ocrx_word' id='word_1_140' title='bbox 793 1595 806 1619; x_wconf 89' lang='lat'>,</span> <span class='ocrx_word' id='word_1_141' title='bbox 835 1574 935 1622; x_wconf 83' lang='lat' dir='ltr'>quo</span> <span class='ocrx_word' id='word_1_142' title='bbox 958 1569 1179 1623; x_wconf 89' lang='lat' dir='ltr'>tempore</span> <span class='ocrx_word' id='word_1_143' title='bbox 1212 1562 1262 1606; x_wconf 90' lang='lat' dir='ltr'>in</span> <span class='ocrx_word' id='word_1_144' title='bbox 1283 1560 1562 1622; x_wconf 78' lang='lat' dir='ltr'>prouincias</span> <span class='ocrx_word' id='word_1_145' title='bbox 1595 1571 1708 1606; x_wconf 86' lang='lat' dir='ltr'>cum</span> 
     </span>
     <span class='ocr_line' id='line_1_22' title="bbox 297 1623 1702 1692; baseline -0.002 -16"><span class='ocrx_word' id='word_1_146' title='bbox 297 1627 508 1690; x_wconf 81' lang='lat' dir='ltr'>imperio</span> <span class='ocrx_word' id='word_1_147' title='bbox 531 1623 982 1692; x_wconf 87' lang='lat' dir='ltr'>proficiscebantur,</span> <span class='ocrx_word' id='word_1_148' title='bbox 1013 1625 1180 1678; x_wconf 89' lang='lat' dir='ltr'>solitos</span> <span class='ocrx_word' id='word_1_149' title='bbox 1193 1623 1326 1675; x_wconf 73' lang='lat' dir='ltr'>fuisse</span> <span class='ocrx_word' id='word_1_150' title='bbox 1345 1623 1430 1674; x_wconf 81' lang='lat' dir='ltr'>fibi</span> <span class='ocrx_word' id='word_1_151' title='bbox 1452 1639 1702 1690; x_wconf 85' lang='lat' dir='ltr'>compara-</span> 
     </span>
     <span class='ocr_line' id='line_1_23' title="bbox 300 1690 1710 1762; baseline 0.001 -20"><span class='ocrx_word' id='word_1_152' title='bbox 300 1708 384 1754; x_wconf 83' lang='lat' dir='ltr'>re,</span> <span class='ocrx_word' id='word_1_153' title='bbox 418 1694 472 1742; x_wconf 89' lang='lat' dir='ltr'>ad</span> <span class='ocrx_word' id='word_1_154' title='bbox 495 1695 610 1761; x_wconf 65' lang='grc' dir='ltr'>Κύςε</span> <span class='ocrx_word' id='word_1_155' title='bbox 629 1690 832 1747; x_wconf 62' lang='grc' dir='ltr'>παιδείαν</span> <span class='ocrx_word' id='word_1_156' title='bbox 863 1694 1276 1762; x_wconf 83' lang='lat' dir='ltr'>Xenophonteam</span> <span class='ocrx_word' id='word_1_157' title='bbox 1304 1692 1508 1744; x_wconf 70' lang='lat' dir='ltr'>Taetica</span> <span class='ocrx_word' id='word_1_158' title='bbox 1535 1691 1710 1758; x_wconf 80' lang='lat' dir='ltr'>scripta</span> 
     </span>
     <span class='ocr_line' id='line_1_24' title="bbox 300 1761 1707 1830; baseline 0 -20"><span class='ocrx_word' id='word_1_159' title='bbox 300 1761 531 1824; x_wconf 80' lang='lat' dir='ltr'>Aeneae,</span> <span class='ocrx_word' id='word_1_160' title='bbox 566 1761 662 1813; x_wconf 76' lang='lat' dir='ltr'>flue</span> <span class='ocrx_word' id='word_1_161' title='bbox 685 1764 869 1814; x_wconf 87' lang='lat' dir='ltr'>Cineae</span> <span class='ocrx_word' id='word_1_162' title='bbox 891 1768 1140 1828; x_wconf 85' lang='lat' dir='ltr'>epitomen</span> <span class='ocrx_word' id='word_1_163' title='bbox 1155 1799 1168 1824; x_wconf 89' lang='lat'>,</span> <span class='ocrx_word' id='word_1_164' title='bbox 1186 1761 1536 1830; x_wconf 82' lang='lat' dir='ltr'>adiungebant‚</span> <span class='ocrx_word' id='word_1_165' title='bbox 1570 1777 1707 1812; x_wconf 81' lang='lat' dir='ltr'>eam—</span> 
     </span>
     <span class='ocr_line' id='line_1_25' title="bbox 299 1829 1707 1897; baseline 0.001 -19"><span class='ocrx_word' id='word_1_166' title='bbox 299 1846 395 1895; x_wconf 85' lang='lat' dir='ltr'>que</span> <span class='ocrx_word' id='word_1_167' title='bbox 416 1830 772 1897; x_wconf 84' lang='lat' dir='ltr'>diligentiffime</span> <span class='ocrx_word' id='word_1_168' title='bbox 793 1832 1030 1897; x_wconf 82' lang='lat' dir='ltr'>legebant.</span> <span class='ocrx_word' id='word_1_169' title='bbox 1102 1831 1283 1882; x_wconf 87' lang='lat' dir='ltr'>Cicero</span> <span class='ocrx_word' id='word_1_170' title='bbox 1298 1837 1348 1880; x_wconf 91' lang='lat' dir='ltr'>in</span> <span class='ocrx_word' id='word_1_171' title='bbox 1369 1829 1567 1897; x_wconf 85' lang='lat' dir='ltr'>epistola</span> <span class='ocrx_word' id='word_1_172' title='bbox 1587 1832 1707 1896; x_wconf 59' lang='lat' dir='ltr'>quaa</span> 
     </span>
     <span class='ocr_line' id='line_1_26' title="bbox 301 1898 1713 1965; baseline 0.001 -18"><span class='ocrx_word' id='word_1_173' title='bbox 301 1898 410 1948; x_wconf 87' lang='lat' dir='ltr'>dam</span> <span class='ocrx_word' id='word_1_174' title='bbox 440 1900 498 1948; x_wconf 85' lang='lat' dir='ltr'>ad</span> <span class='ocrx_word' id='word_1_175' title='bbox 522 1900 759 1965; x_wconf 84' lang='lat' dir='ltr'>Papirium</span> <span class='ocrx_word' id='word_1_176' title='bbox 791 1902 1009 1951; x_wconf 86' lang='lat' dir='ltr'>Paetum:</span> <span class='ocrx_word' id='word_1_177' title='bbox 1056 1900 1274 1952; x_wconf 83' lang='lat' dir='ltr'>Summum</span> <span class='ocrx_word' id='word_1_178' title='bbox 1300 1917 1364 1949; x_wconf 86' lang='lat' dir='ltr'>me</span> <span class='ocrx_word' id='word_1_179' title='bbox 1389 1901 1532 1949; x_wconf 73' lang='lat' dir='ltr'>ducem</span> <span class='ocrx_word' id='word_1_180' title='bbox 1560 1898 1713 1949; x_wconf 63' lang='lat' dir='ltr'>literae</span> 
     </span>
     <span class='ocr_line' id='line_1_27' title="bbox 301 1966 1786 2039; baseline 0 -23"><span class='ocrx_word' id='word_1_181' title='bbox 301 1975 402 2016; x_wconf 77' lang='lat' dir='ltr'>tuae</span> <span class='ocrx_word' id='word_1_182' title='bbox 419 1969 647 2018; x_wconf 77' lang='lat' dir='ltr'>reddidere.</span> <span class='ocrx_word' id='word_1_183' title='bbox 678 1972 809 2037; x_wconf 79' lang='lat' dir='ltr'>plane</span> <span class='ocrx_word' id='word_1_184' title='bbox 826 1966 1061 2039; x_wconf 68' lang='lat' dir='ltr'>nestieham,</span> <span class='ocrx_word' id='word_1_185' title='bbox 1083 1979 1122 2019; x_wconf 82' lang='lat' dir='ltr'>te</span> <span class='ocrx_word' id='word_1_186' title='bbox 1141 1978 1230 2020; x_wconf 82' lang='lat' dir='ltr'>tam</span> <span class='ocrx_word' id='word_1_187' title='bbox 1243 1972 1436 2036; x_wconf 73' lang='lat' dir='ltr'>peritum</span> <span class='ocrx_word' id='word_1_188' title='bbox 1456 1968 1524 2036; x_wconf 62' lang='lat' dir='ltr'>effi&gt;</span> <span class='ocrx_word' id='word_1_189' title='bbox 1546 1971 1609 2017; x_wconf 80' lang='lat' dir='ltr'>rei</span> <span class='ocrx_word' id='word_1_190' title='bbox 1630 1970 1712 2016; x_wconf 71' lang='grc' dir='ltr'>πή-</span> <span class='ocrx_word' id='word_1_191' title='bbox 1785 1991 1786 1995; x_wconf 51' lang='grc'>’</span> 
     </span>
     <span class='ocr_line' id='line_1_28' title="bbox 299 2035 1714 2108; baseline 0 -23"><span class='ocrx_word' id='word_1_192' title='bbox 299 2035 456 2085; x_wconf 74' lang='lat' dir='ltr'>litoris.</span> <span class='ocrx_word' id='word_1_193' title='bbox 524 2038 694 2108; x_wconf 72' lang='lat' dir='ltr'>Pyrrhi</span> <span class='ocrx_word' id='word_1_194' title='bbox 711 2049 750 2088; x_wconf 85' lang='lat' dir='ltr'>te</span> <span class='ocrx_word' id='word_1_195' title='bbox 770 2039 904 2088; x_wconf 76' lang='lat' dir='ltr'>libros</span> <span class='ocrx_word' id='word_1_196' title='bbox 926 2048 966 2087; x_wconf 75' lang='lat' dir='ltr'>et</span> <span class='ocrx_word' id='word_1_197' title='bbox 991 2039 1146 2090; x_wconf 81' lang='lat' dir='ltr'>Cineae</span> <span class='ocrx_word' id='word_1_198' title='bbox 1175 2038 1294 2088; x_wconf 80' lang='lat' dir='ltr'>video</span> <span class='ocrx_word' id='word_1_199' title='bbox 1317 2038 1457 2103; x_wconf 70' lang='lat' dir='ltr'>leffitq</span> <span class='ocrx_word' id='word_1_200' title='bbox 1470 2036 1518 2091; x_wconf 70' lang='lat' dir='ltr'>le.</span> <span class='ocrx_word' id='word_1_201' title='bbox 1564 2038 1714 2107; x_wconf 72' lang='lat' dir='ltr'>itaque</span> 
     </span>
     <span class='ocr_line' id='line_1_29' title="bbox 303 2100 1711 2174; baseline 0.001 -21"><span class='ocrx_word' id='word_1_202' title='bbox 303 2104 592 2171; x_wconf 78' lang='lat' dir='ltr'>obtemperare</span> <span class='ocrx_word' id='word_1_203' title='bbox 614 2110 755 2173; x_wconf 81' lang='lat' dir='ltr'>cogito</span> <span class='ocrx_word' id='word_1_204' title='bbox 773 2110 1010 2174; x_wconf 75' lang='lat' dir='ltr'>praeceptis</span> <span class='ocrx_word' id='word_1_205' title='bbox 1040 2112 1137 2158; x_wconf 68' lang='lat' dir='ltr'>tuis.</span> <span class='ocrx_word' id='word_1_206' title='bbox 1191 2117 1240 2155; x_wconf 88' lang='lat' dir='ltr'>et</span> <span class='ocrx_word' id='word_1_207' title='bbox 1267 2123 1407 2155; x_wconf 83' lang='lat' dir='ltr'>mox:</span> <span class='ocrx_word' id='word_1_208' title='bbox 1493 2100 1589 2173; x_wconf 58' lang='lat' dir='ltr'>iscis</span> <span class='ocrx_word' id='word_1_209' title='bbox 1620 2121 1711 2174; x_wconf 79' lang='lat' dir='ltr'>quo</span> 
     </span>
     <span class='ocr_line' id='line_1_30' title="bbox 303 2167 1710 2244; baseline -0.001 -20"><span class='ocrx_word' id='word_1_210' title='bbox 303 2191 398 2224; x_wconf 79' lang='lat' dir='ltr'>eum</span> <span class='ocrx_word' id='word_1_211' title='bbox 416 2177 673 2241; x_wconf 70' lang='lat' dir='ltr'>imperatore</span> <span class='ocrx_word' id='word_1_212' title='bbox 702 2176 779 2225; x_wconf 80' lang='lat' dir='ltr'>tibi</span> <span class='ocrx_word' id='word_1_213' title='bbox 799 2179 1012 2242; x_wconf 72' lang='lat' dir='ltr'>negotium</span> <span class='ocrx_word' id='word_1_214' title='bbox 1027 2176 1106 2244; x_wconf 79' lang='lat' dir='ltr'>stt.</span> <span class='ocrx_word' id='word_1_215' title='bbox 1178 2171 1294 2240; x_wconf 65' lang='grc' dir='ltr'>Κύςε</span> <span class='ocrx_word' id='word_1_216' title='bbox 1317 2167 1518 2225; x_wconf 64' lang='grc' dir='ltr'>παιδείων</span> <span class='ocrx_word' id='word_1_217' title='bbox 1530 2210 1546 2243; x_wconf 67' lang='lat'>³</span> <span class='ocrx_word' id='word_1_218' title='bbox 1578 2190 1710 2243; x_wconf 79' lang='lat' dir='ltr'>quam</span> 
     </span>
     <span class='ocr_line' id='line_1_31' title="bbox 304 2242 1712 2312; baseline 0.001 -19"><span class='ocrx_word' id='word_1_219' title='bbox 304 2246 589 2296; x_wconf 63' lang='lat' dir='ltr'>conttiueram</span> <span class='ocrx_word' id='word_1_220' title='bbox 609 2244 805 2312; x_wconf 81' lang='lat' dir='ltr'>legendo,</span> <span class='ocrx_word' id='word_1_221' title='bbox 838 2254 974 2293; x_wconf 80' lang='lat' dir='ltr'>totam</span> <span class='ocrx_word' id='word_1_222' title='bbox 996 2246 1039 2291; x_wconf 83' lang='lat' dir='ltr'>in</span> <span class='ocrx_word' id='word_1_223' title='bbox 1061 2245 1141 2293; x_wconf 73' lang='grc' dir='ltr'><em>Ῐιοι·</em></span> <span class='ocrx_word' id='word_1_224' title='bbox 1157 2245 1336 2311; x_wconf 82' lang='lat' dir='ltr'>imperio</span> <span class='ocrx_word' id='word_1_225' title='bbox 1357 2243 1583 2309; x_wconf 82' lang='lat' dir='ltr'>explicaui.</span> <span class='ocrx_word' id='word_1_226' title='bbox 1632 2242 1712 2294; x_wconf 77' lang='lat' dir='ltr'>Ex</span> 
     </span>
     <span class='ocr_line' id='line_1_32' title="bbox 303 2310 1708 2376; baseline 0.001 -16"><span class='ocrx_word' id='word_1_227' title='bbox 303 2317 390 2369; x_wconf 72' lang='lat' dir='ltr'>iis,</span> <span class='ocrx_word' id='word_1_228' title='bbox 425 2328 543 2376; x_wconf 77' lang='lat' dir='ltr'>quae</span> <span class='ocrx_word' id='word_1_229' title='bbox 567 2312 801 2375; x_wconf 66' lang='lat' dir='ltr'>diximum,</span> <span class='ocrx_word' id='word_1_230' title='bbox 839 2313 898 2361; x_wconf 89' lang='lat' dir='ltr'>de</span> <span class='ocrx_word' id='word_1_231' title='bbox 920 2311 1098 2361; x_wconf 84' lang='lat' dir='ltr'>summa</span> <span class='ocrx_word' id='word_1_232' title='bbox 1129 2312 1272 2362; x_wconf 87' lang='lat' dir='ltr'>huius</span> <span class='ocrx_word' id='word_1_233' title='bbox 1298 2310 1543 2376; x_wconf 86' lang='lat' dir='ltr'>scriptoris</span> <span class='ocrx_word' id='word_1_234' title='bbox 1567 2321 1708 2362; x_wconf 69' lang='lat' dir='ltr'>vetu-</span> 
     </span>
     <span class='ocr_line' id='line_1_33' title="bbox 302 2375 1710 2446; baseline 0 -18"><span class='ocrx_word' id='word_1_235' title='bbox 302 2375 421 2430; x_wconf 85' lang='lat' dir='ltr'>state</span> <span class='ocrx_word' id='word_1_236' title='bbox 441 2379 594 2446; x_wconf 84' lang='lat' dir='ltr'>potest</span> <span class='ocrx_word' id='word_1_237' title='bbox 622 2379 864 2434; x_wconf 81' lang='lat' dir='ltr'>constare:</span> <span class='ocrx_word' id='word_1_238' title='bbox 905 2397 1014 2428; x_wconf 85' lang='lat' dir='ltr'>nam</span> <span class='ocrx_word' id='word_1_239' title='bbox 1047 2380 1227 2432; x_wconf 87' lang='lat' dir='ltr'>Cineas</span> <span class='ocrx_word' id='word_1_240' title='bbox 1254 2381 1515 2445; x_wconf 80' lang='lat' dir='ltr'>Epicurum</span> <span class='ocrx_word' id='word_1_241' title='bbox 1547 2378 1710 2428; x_wconf 78' lang='lat' dir='ltr'>Athe-</span> 
     </span>
     <span class='ocr_line' id='line_1_34' title="bbox 303 2445 1707 2514; baseline -0.001 -16"><span class='ocrx_word' id='word_1_242' title='bbox 303 2454 384 2499; x_wconf 86' lang='lat' dir='ltr'>nis</span> <span class='ocrx_word' id='word_1_243' title='bbox 404 2449 663 2500; x_wconf 80' lang='lat' dir='ltr'>docentem</span> <span class='ocrx_word' id='word_1_244' title='bbox 682 2447 890 2508; x_wconf 79' lang='lat' dir='ltr'>audiuit‚</span> <span class='ocrx_word' id='word_1_245' title='bbox 924 2460 980 2498; x_wconf 88' lang='lat' dir='ltr'>vt</span> <span class='ocrx_word' id='word_1_246' title='bbox 999 2446 1236 2514; x_wconf 79' lang='lat' dir='ltr'>fignificat</span> <span class='ocrx_word' id='word_1_247' title='bbox 1268 2449 1338 2500; x_wconf 87' lang='lat' dir='ltr'>M.</span> <span class='ocrx_word' id='word_1_248' title='bbox 1362 2448 1517 2497; x_wconf 86' lang='lat' dir='ltr'>Tullii</span> <span class='ocrx_word' id='word_1_249' title='bbox 1548 2447 1607 2497; x_wconf 83' lang='lat' dir='ltr'>de</span> <span class='ocrx_word' id='word_1_250' title='bbox 1636 2445 1707 2497; x_wconf 83' lang='lat' dir='ltr'>se-</span> 
     </span>
     <span class='ocr_line' id='line_1_35' title="bbox 296 2517 1709 2582; baseline -0.003 -15"><span class='ocrx_word' id='word_1_251' title='bbox 296 2517 499 2568; x_wconf 71' lang='lat' dir='ltr'>nestute</span> <span class='ocrx_word' id='word_1_252' title='bbox 522 2517 654 2569; x_wconf 72' lang='lat' dir='ltr'>liber.</span> <span class='ocrx_word' id='word_1_253' title='bbox 720 2519 953 2581; x_wconf 83' lang='lat' dir='ltr'>Epicurus</span> <span class='ocrx_word' id='word_1_254' title='bbox 978 2530 1136 2567; x_wconf 88' lang='lat' dir='ltr'>autem</span> <span class='ocrx_word' id='word_1_255' title='bbox 1161 2517 1384 2567; x_wconf 81' lang='lat' dir='ltr'>Athenas</span> <span class='ocrx_word' id='word_1_256' title='bbox 1416 2520 1709 2582; x_wconf 77' lang='lat' dir='ltr'>commigra-</span> 
     </span>
     <span class='ocr_line' id='line_1_36' title="bbox 304 2583 1707 2653; baseline -0.003 -18"><span class='ocrx_word' id='word_1_257' title='bbox 304 2590 378 2636; x_wconf 88' lang='lat' dir='ltr'>uit</span> <span class='ocrx_word' id='word_1_258' title='bbox 404 2591 532 2637; x_wconf 83' lang='lat' dir='ltr'>circa</span> <span class='ocrx_word' id='word_1_259' title='bbox 559 2583 708 2636; x_wconf 86' lang='lat' dir='ltr'>finem</span> <span class='ocrx_word' id='word_1_260' title='bbox 748 2585 1054 2653; x_wconf 80' lang='lat' dir='ltr'>Olympiadis</span> <span class='ocrx_word' id='word_1_261' title='bbox 1079 2605 1104 2633; x_wconf 90' lang='lat' dir='ltr'>c</span> <span class='ocrx_word' id='word_1_262' title='bbox 1122 2605 1148 2631; x_wconf 86' lang='lat' dir='ltr'>x</span> <span class='ocrx_word' id='word_1_263' title='bbox 1165 2604 1289 2633; x_wconf 71' lang='lat' dir='ltr'>vnn.</span> <span class='ocrx_word' id='word_1_264' title='bbox 1359 2585 1491 2635; x_wconf 85' lang='lat' dir='ltr'>ldem</span> <span class='ocrx_word' id='word_1_265' title='bbox 1525 2583 1707 2636; x_wconf 77' lang='lat' dir='ltr'>Cineas</span> 
     </span>
     <span class='ocr_line' id='line_1_37' title="bbox 301 2649 1706 2723; baseline -0.003 -19"><span class='ocrx_word' id='word_1_266' title='bbox 301 2671 438 2705; x_wconf 84' lang='lat' dir='ltr'>anno</span> <span class='ocrx_word' id='word_1_267' title='bbox 447 2655 603 2707; x_wconf 79' lang='lat' dir='ltr'>altero</span> <span class='ocrx_word' id='word_1_268' title='bbox 621 2654 930 2723; x_wconf 86' lang='lat' dir='ltr'>Olympiadis</span> <span class='ocrx_word' id='word_1_269' title='bbox 950 2673 974 2702; x_wconf 86' lang='lat' dir='ltr'>c</span> <span class='ocrx_word' id='word_1_270' title='bbox 990 2674 1015 2703; x_wconf 80' lang='lat' dir='ltr'>x</span> <span class='ocrx_word' id='word_1_271' title='bbox 1033 2673 1057 2700; x_wconf 86' lang='lat' dir='ltr'>x</span> <span class='ocrx_word' id='word_1_272' title='bbox 1070 2674 1119 2700; x_wconf 79' lang='lat' dir='ltr'>v.</span> <span class='ocrx_word' id='word_1_273' title='bbox 1142 2654 1323 2720; x_wconf 86' lang='lat' dir='ltr'>legatus</span> <span class='ocrx_word' id='word_1_274' title='bbox 1335 2653 1535 2703; x_wconf 83' lang='lat' dir='ltr'>Romam</span> <span class='ocrx_word' id='word_1_275' title='bbox 1547 2689 1562 2713; x_wconf 95' lang='lat'>‚</span> <span class='ocrx_word' id='word_1_276' title='bbox 1596 2649 1706 2700; x_wconf 85' lang='lat' dir='ltr'>mis-</span> 
     </span>
     <span class='ocr_line' id='line_1_38' title="bbox 302 2717 1707 2840; baseline -0.005 -65"><span class='ocrx_word' id='word_1_277' title='bbox 302 2722 352 2775; x_wconf 64' lang='lat' dir='ltr'>sis</span> <span class='ocrx_word' id='word_1_278' title='bbox 374 2723 586 2793; x_wconf 59' lang='lat' dir='ltr'>Pyrrhi,</span> <span class='ocrx_word' id='word_1_279' title='bbox 618 2729 768 2777; x_wconf 84' lang='lat' dir='ltr'>venit.</span> <span class='ocrx_word' id='word_1_280' title='bbox 840 2722 1062 2775; x_wconf 86' lang='lat' dir='ltr'>Aeneam</span> <span class='ocrx_word' id='word_1_281' title='bbox 1096 2739 1247 2785; x_wconf 83' lang='lat' dir='ltr'>vem,</span> <span class='ocrx_word' id='word_1_282' title='bbox 1290 2739 1317 2773; x_wconf 89' lang='lat' dir='ltr'>e</span> <span class='ocrx_word' id='word_1_283' title='bbox 1355 2726 1489 2773; x_wconf 88' lang='lat' dir='ltr'>cuius</span> <span class='ocrx_word' id='word_1_284' title='bbox 1523 2717 1707 2840; x_wconf 53' lang='lat' dir='ltr'>seg-iptis</span> 
     </span>
    </p>

    <p class='ocr_par' dir='ltr' id='par_1_3' title="bbox 1517 2804 1707 2839">
     <span class='ocr_line' id='line_1_39' title="bbox 1517 2804 1707 2839; baseline 0 0"><span class='ocrx_word' id='word_1_285' title='bbox 1517 2805 1551 2839; x_wconf 90' lang='lat' dir='ltr'><strong>v</strong></span> <span class='ocrx_word' id='word_1_286' title='bbox 1588 2804 1707 2839; x_wconf 69' lang='lat' dir='ltr'>errr-</span> 
     </span>
    </p>
   </div>
  </div>
 </body>
</html>
