1786 3126
255 89 338 142 §86
667 89 950 148 VALESH
1015 62 1272 136 norme:>

254 206 359 266 αὐτῷ
380 208 519 264 ἔχειν,
553 209 668 265 quod
687 208 746 252 est
762 209 996 253 continere.
1055 208 1124 253 Sic
1144 208 1353 252 Isocrates
1373 209 1480 252 olim
1489 207 1658 267 Sopho-

257 271 316 314 eli
337 272 495 326 aiebat,
527 271 552 314 ἐ
571 269 686 324 μόνον
705 270 782 327 δὲἱ,
802 270 1058 331 Σοφόκλεις,
1086 269 1160 321 ταὶς
1176 270 1314 329 χεῖρας
1336 270 1449 328 ἔχειν
1473 274 1566 330 παρ’
1583 274 1655 317 αὖ·

256 332 336 392 τῷ,
369 333 470 379 οἰῶοὶ
490 336 559 391 »(ςᾴ
578 332 646 384 nic,-
665 333 885 390 δφθιλμές
900 369 911 390 ,
944 335 1047 378 teste
1082 335 1307 378 Plutarcho
1329 335 1375 376 in
1403 333 1591 377 Isocrate
1610 343 1657 378 et

257 397 478 440 stobaeo
467 412 512 439 m
531 411 618 453 cap.
640 399 692 439 de
717 399 994 442 continentia.
1056 398 1365 440 Demosthenes
1397 397 1444 439 in
1475 405 1581 440 orat.
1609 398 1658 440 in

257 461 456 511 Midiam,
487 458 642 516 ὑβριςης
663 479 742 518 γαρ
763 456 817 515 ἔτ’,
849 479 878 504 ω
900 461 1060 515 Μειδία,
1093 479 1162 519 χρη
1182 462 1232 505 ἐκ
1261 461 1416 509 ἐθέλεις
1435 459 1548 515 ἔχειν
1573 477 1663 503 ποι-ν

258 521 310 581 ροὲ
329 521 459 579 σαυτῷ
479 540 533 565 τω
554 522 679 579 χὲῐρε.
741 524 959 566 Diodorus
994 523 1198 567 Siculus·
1188 538 1232 564 m
1261 523 1345 564 hoc
1366 524 1467 565 loco
1488 521 1661 579 Polybii

258 585 403 642 legiffe
428 587 594 627 videtur
611 588 676 630 ἐπ’
697 587 882 643 εὐταξίᾳ,
914 595 961 630 vt
994 588 1138 629 videre
1160 587 1251 628 est
1240 600 1284 628 m
1307 586 1401 628 eius
1426 585 1661 641 excerptis,

262 663 395 704 eaque
419 663 525 690 vera
539 649 643 690 mihi
671 649 801 692 lectio
824 650 1003 693 videtur.
1036 664 1134 692 nam
1166 649 1271 691 illud
1302 649 1514 705 αὐτοεέίσι,
1543 648 1660 704 quod

260 713 365 754 mihi
384 712 511 754 initio
534 712 773 768 placuerat,
792 727 946 755 vereor
968 722 1014 756 vt
1024 711 1234 755 Graecum
1256 725 1344 754 non
1363 711 1424 754 fit.
1466 744 1468 747 -

381 784 451 820 118.
474 788 529 827 17.
563 772 803 832 Ἐδωρῆσοιτο
823 774 878 834 τῇ
895 776 1044 833 μητρί.)
1087 776 1154 817 De
1184 775 1262 816 hac
1293 774 1548 817 liberalitate
1568 771 1662 815 Sci-

258 838 405 894 pionis
436 836 588 879 Cicero
617 839 662 879 in
688 838 849 880 Laelio.
912 837 1023 895 Quid
1053 837 1185 880 dicam
1213 837 1261 879 de
1289 836 1472 879 moribus
1497 835 1661 892 facilli-

260 902 363 955 mis,
396 898 445 940 de
464 901 683 954 pietatem
705 906 901 958 matrem,
934 901 1180 944 liberalitate
1207 902 1250 943 in
1273 899 1466 957 sorores,
1498 898 1659 942 bonita-

260 970 299 1006 te
325 964 367 1004 in
378 961 516 1018 suos?

379 1037 452 1074 119.
474 1039 522 1073 13.
554 1022 594 1078 μ’
612 1022 828 1081 τάλαντα.)
870 1025 1119 1081 Legendum
1137 1025 1219 1068 esse
1251 1032 1423 1082 apparet
1450 1018 1664 1081 πεντήκον-

261 1104 337 1141 τα,
370 1088 485 1141 quod
510 1089 635 1128 verba
654 1089 867 1143 sequentia
889 1089 1058 1144 prorsus
1082 1091 1296 1132 euincunt.
1355 1089 1487 1130 Error
1511 1101 1564 1128 ex
1582 1101 1664 1128 no-

261 1152 320 1192 tis
342 1150 630 1192 numeralibus
652 1163 772 1192 ortus
793 1152 877 1205 est,
905 1152 1064 1207 quippe
1085 1149 1117 1196 v'
1139 1154 1254 1207 quod
1275 1164 1332 1201 50.
1351 1150 1582 1206 fignificat,
1616 1149 1663 1191 in

261 1213 337 1256 ms.
355 1213 474 1257 libris
492 1211 582 1254 sere
610 1220 656 1254 vt
677 1232 706 1264 μ
730 1214 910 1268 exprimi
932 1214 1063 1268 solet,
1096 1216 1406 1270 quinquaginta
1434 1220 1577 1256 autem
1597 1218 1662 1253 ta-

263 1276 383 1318 lenta
403 1275 631 1316 duodecies
645 1276 877 1318 sestertium
911 1275 1102 1319 efficiunt
1129 1281 1247 1318 more
1268 1277 1491 1323 Romano:
1539 1287 1664 1331 quam

261 1339 488 1396 pecuniam
509 1339 624 1380 dotis
643 1340 818 1380 nomine
837 1338 1054 1394 Scipionis
1082 1339 1248 1381 filiabus
1278 1340 1418 1381 datam
1448 1337 1532 1380 effe
1562 1337 1664 1379 scri-

262 1402 327 1443 bit
351 1400 570 1456 Polybius.
630 1401 698 1442 Ex
724 1414 810 1455 quo
830 1411 1026 1457 apparet,
1057 1415 1197 1444 errare
1214 1415 1316 1455 eos,
1345 1402 1417 1456 qui
1436 1400 1586 1443 decies
1603 1398 1667 1441 se-

262 1464 454 1507 stertium
474 1463 709 1516 legitimam
729 1477 777 1505 ac
795 1471 956 1505 certam
977 1466 1091 1507 inter
1111 1465 1327 1507 senatores
1347 1464 1566 1507 Romanos
1590 1460 1668 1504 do·

262 1532 353 1568 tem
373 1523 490 1566 fuifl'e
517 1525 769 1568 existimant.

381 1587 488 1629 Ibid.
512 1602 574 1631 20.
607 1585 725 1632 Koeroe*
746 1584 1027 1641 τὲςῬωμαῖων
1045 1586 1201 1644 νέμεις.)
1242 1589 1384 1632 Huius
1410 1588 1521 1644 legis
1548 1586 1666 1641 alibi,

266 1651 382 1708 quod
405 1651 551 1704 sciam,
574 1652 737 1692 mentio
759 1651 877 1692 nulla
897 1658 1029 1693 extata
1079 1652 1199 1693 Idem
1220 1660 1363 1694 autem
1384 1649 1557 1694 valuifl'e
1575 1650 1670 1691 exi-

267 1715 416 1768 stimo,
451 1722 494 1755 et
513 1713 542 1755 fi
564 1721 792 1755 extraneus
811 1716 957 1755 dotem
980 1713 1250 1769 promififl'et‚
1285 1722 1334 1756 vt
1351 1725 1510 1767 annua,
1541 1713 1668 1766 bima,

264 1778 394 1820 trima
417 1777 485 1818 die
506 1777 704 1817 soluenda
727 1775 852 1830 efl'et,
883 1775 960 1817 nisi
987 1777 1238 1819 nominatim
1258 1776 1370 1818 aliud
1391 1774 1666 1818 conuenisset.

266 1847 441 1895 poterat
463 1839 578 1880 enim
602 1840 735 1881 etiam'
753 1852 808 1879 ex
829 1837 953 1893 pacto
976 1839 1068 1881 dies
1082 1840 1304 1895 prorogari
1318 1873 1331 1894 ,
1349 1839 1434 1894 leg.
1458 1851 1513 1887 19.
1545 1837 1598 1880 D.
1611 1838 1664 1879 de

267 1900 404 1958 pactis
425 1902 652 1945 dotalibus.
685 1903 799 1958 quod
818 1902 849 1943 fi
869 1901 986 1943 nulla
1005 1903 1200 1944 conditio
1213 1902 1400 1957 appofita
1410 1899 1571 1956 fuiffet,
1589 1913 1667 1942 an-

1707 0 1709 7 ’
1760 0 1786 192 l

270 1978 378 2018 nna,
403 1965 534 2019 bima,
564 1965 691 2006 trima
714 1966 783 2006 die
810 1965 1105 2007 numerabatur
1131 1979 1185 2007 ex
1213 1966 1386 2020 legem.
1415 1963 1667 2018 tabularum,
1696 1983 1699 1987 ’
1777 1945 1786 1973 ²

269 2035 320 2070 vt
340 2027 507 2082 opinor.
571 2026 634 2069 At
665 2027 855 2082 supellex
886 2028 997 2069 intra
1025 2028 1171 2069 decem
1197 2028 1362 2069 menses
1391 2041 1416 2068 a
1441 2023 1666 2069 contracto

269 2089 545 2132 matrimonio
568 2090 766 2145 praestari
797 2090 973 2132 debebat
992 2105 1046 2132 ex
1066 2091 1214 2132 iisdem
1234 2090 1425 2145 legibus,
1454 2088 1558 2131 teste
1585 2088 1668 2131 Po·-

270 2153 420 2210 lybio,
450 2152 573 2194 cuius
595 2152 706 2207 legis
731 2154 839 2193 ratio
872 2152 974 2194 haec
1002 2153 1172 2195 videtur
1201 2152 1347 2207 fuisse,
1380 2152 1496 2208 quod
1515 2152 1569 2194 ob
1589 2163 1667 2193 ne-

273 2214 471 2257 ceffarios
500 2213 683 2256 familiae
706 2215 804 2257 vsus
836 2214 1112 2270 supelleffilis
1131 2215 1356 2271 praestatio
1386 2213 1548 2256 differri
1577 2227 1666 2256 non

273 2279 432 2321 debuit.
494 2280 556 2320 Ex
581 2278 647 2319 his
666 2278 970 2332 intelligendus
999 2278 1059 2320 est
1078 2279 1199 2320 iocus
1220 2278 1369 2320 Deillii
1392 2278 1503 2333 apud
1519 2275 1666 2321 ¹Sene·

259 2355 366 2384 cam
387 2343 432 2383 in
450 2339 656 2383 Suasoriis
672 2374 684 2394 ‚
706 2342 778 2396 qui
792 2374 803 2394 ,
826 2354 924 2382 cum
945 2341 1228 2383 Athenienses
1259 2349 1427 2396 tempus
1456 2341 1506 2382 ab
1524 2340 1666 2390 Anto·

272 2406 348 2449 nio
369 2410 562 2460 peterent
583 2404 636 2444 ad
659 2404 881 2474 pecuniam
910 2403 1234 2458 conferendam,
1270 2417 1377 2460 quae
1403 2403 1503 2459 ipfis
1531 2403 1667 2458 irnpe-

274 2477 366 2510 rata
389 2475 478 2508 erat
503 2466 618 2508 dotis
640 2467 836 2519 nomine,
867 2479 1005 2521 neque
1028 2468 1332 2522 impetrarent,
1361 2467 1493 2510 dixit:
1525 2465 1584 2508 Et
1603 2471 1668 2507 t&

274 2544 372 2572 men
394 2530 500 2571 scito
524 2528 621 2572 illos
640 2530 716 2571 tibi
736 2543 896 2583 annua,
918 2530 1049 2583 bima,
1070 2530 1194 2571 trima
1215 2531 1283 2571 die
1305 2530 1467 2573 debere.

392 2592 496 2634 lbid.
517 2607 576 2641 30,
606 2589 671 2637 Ta
690 2593 730 2635 δὲ
749 2592 949 2648 Τιβερίε.)
991 2563 1074 2634 Hic
1092 2593 1151 2635 est
1170 2593 1264 2636 Tib.
1277 2591 1520 2646 GracchUS‚
1541 2580 1666 2646 peter

202 2668 206 2670 ’
277 2653 589 2709 Gracchorum,
618 2655 690 2710 qui
708 2653 866 2698 cumL.
885 2654 1058 2710 Scipio
1047 2669 1092 2697 m
1114 2656 1286 2698 vincula
1310 2657 1561 2708 duceretur,
1591 2665 1670 2694 au-
1704 2652 1714 2666 ‘'

276 2718 381 2760 xilio
410 2718 525 2764 Trib.
556 2718 773 2774 potestatis
808 2717 1058 2776 interceflit,
1106 2718 1273 2762 tametfi
1300 2716 1542 2821 inimicitia?
1569 2727 1668 2787 cum

1543 2790 1672 2833 c1p10-
