1786 3126
310 239 356 283 in
379 230 524 288 ltalia,
554 249 586 300 q
641 248 664 279 e
686 230 810 278 huius
831 248 917 298 ope
935 234 1252 281 immunitatem
1273 227 1594 293 duriffimorum
1607 228 1713 280 bni-

311 318 411 350 rum
431 302 584 358 nacta,
643 317 796 348 uorum
825 298 1150 366 praestationem
1182 317 1233 347 ex
1261 297 1425 366 legibus
1453 297 1572 349 datae
1595 304 1712 367 pacis

309 318 760 436 Romani-exigssann
778 371 907 416 vitam
928 382 969 416 ct
989 367 1182 416 fortunas
1203 385 1356 416 omnes
1377 364 1467 416 suas
1489 372 1563 415 vni
1581 367 1713 430 l'oly2

307 118 393 170 628
586 141 650 321 β
747 113 1296 163 DEDIC-ATIO

310 440 389 486 bio
409 436 550 486 ferens
572 451 782 504 acceptas,
806 441 852 484 in
872 454 926 485 eo
948 436 1145 495 ornando
1165 434 1334 484 nullum
1365 435 1608 485 excellentis
1628 437 1726 485 hm·

313 511 431 556 noris
455 524 585 574 genus
614 505 903 573 praetermisit.
970 504 1053 552 Sed
1082 509 1230 553 onmia
1271 504 1501 564 beneficia,
1542 522 1650 572 quae
1683 521 1710 554 ι

312 593 531 643 quoquam
573 574 823 623 mortalium
862 571 1074 640 proficisci
1121 586 1347 640 poterant,
1395 578 1495 621 vicit
1533 571 1711 641 scriptio

311 647 436 692 huius
467 643 694 701 historiae3
734 648 781 691 in
811 661 910 690 eum
943 647 1192 708 praecipue,
1223 655 1268 690 vt
1293 641 1429 690 modo
1451 640 1710 705 dicebamus,
1779 655 1786 661 “

311 712 488 780 scopum
517 712 724 768 diredlae,
754 730 842 778 quo
875 711 1038 759 ciuibus
1061 716 1165 759 ciuis
1203 708 1442 778 prodesset,
1473 729 1522 760 ac
1549 711 1711 776 bonam

311 781 394 831 illis
416 784 604 831 mentem
627 793 669 828 et
688 780 957 848 prudentiam
977 784 1256 847 ingeneraret.
1327 781 1634 836 Fuitomnino
1660 783 1709 828 in

312 853 395 898 hot·
416 855 511 898 viro
541 849 741 898 naturalis
768 848 974 917 quaedam
1000 849 1166 896 bonitas
1190 863 1231 897 et
1259 847 1405 897 efficax
1435 866 1536 916 erga
1556 865 1709 897 onmes

309 922 509 966 homines
522 920 773 966 humanitas.
807 922 923 968 cuius
936 917 1169 966 celebratur
1187 935 1272 966 vox
1291 916 1460 974 diuina,
1477 914 1710 970 confilium

311 988 447 1035 dantis
468 990 660 1052 Scipioni
680 985 783 1046 suo;
828 990 995 1054 quoties
1027 985 1144 1034 foras
1178 983 1412 1053 prodisset,
1440 1004 1496 1034 ne
1524 985 1710 1036 domum

310 1061 428 1122 prius
460 1053 640 1112 rediret,
684 1073 813 1121 quam
848 1054 1033 1121 aliquem
1064 1054 1139 1103 fibi
1173 1053 1484 1103 benefaciendo
1521 1059 1711 1113 amicum

310 1120 573 1172 adiunxiffet.
609 1141 637 1170 ο
657 1124 884 1170 hominem
905 1123 1078 1189 publico
1100 1128 1303 1172 omnium
1332 1126 1564 1178 hominum
1583 1123 1710 1172 -bono

310 1197 481 1241 natum!
514 1210 545 1240 o
567 1190 748 1258 dignum
773 1195 950 1239 maximi
974 1195 1174 1259 cuiusque
1203 1197 1316 1259 regis
1344 1206 1416 1240 aut
1438 1196 1710 1259 imperatoris

310 1262 615 1312 conliliarium!
651 1263 812 1308 etenim
824 1276 958 1326 quum
975 1259 1171 1327 plurimis
1190 1265 1387 1309 amicitiis
1403 1258 1578 1309 fortuna
1591 1256 1712 1328 prin·

310 1337 458 1396 cipum
478 1328 692 1397 indigeat,
709 1334 985 1395 praecipuum
1006 1328 1066 1377 est
1087 1328 1250 1377 iudicio
1277 1327 1532 1396 sapientium
1549 1334 1711 1397 princi·

310 1405 376 1466 pis
406 1416 542 1466 opus,
578 1404 737 1446 amicos
770 1415 932 1463 parare.
1010 1398 1078 1446 Ab
1108 1400 1193 1446 hoc
1225 1402 1355 1465 igitur
1386 1396 1537 1460 fonte,
1577 1412 1620 1446 et
1646 1399 1712 1448 til-

310 1467 386 1516 lud
419 1475 570 1533 ingens
587 1471 775 1514 manauit
797 1465 982 1514 ssudIum
1010 1466 1246 1524 efficiendi,
1284 1481 1331 1514 vt
1357 1464 1552 1525 studium
1569 1485 1622 1516 ex
1644 1468 1712 1527 hi,-
1783 1520 1786 1529 ι

309 1539 437 1585 storia
467 1535 536 1583 sua
567 1553 747 1593 omnes,
777 1540 849 1602 qui
880 1534 1096 1602 legerent,
1149 1554 1279 1603 quam
1307 1535 1570 1595 vberrimum
1613 1554 1712 1604 pet:-

311 1612 517 1672 ciperent.
550 1603 649 1652 inde
669 1604 739 1651 illa
761 1617 825 1650 tot
845 1603 1124 1661 documenta,
1158 1618 1224 1653 tot
1243 1609 1436 1664 monita,
1461 1605 1711 1670 quibushqc
1767 1634 1778 1644 -

311 1691 448 1741 opus,
479 1691 557 1721 ceu
587 1676 822 1722 intertextis
849 1677 1031 1739 gemmis
1063 1677 1181 1720 nitet.
1247 1675 1351 1740 Qus
1378 1687 1521 1722 autem
1551 1678 1709 1724 erroris

310 1742 563 1810 dedignetur
596 1746 888 1799 monitorem,
915 1759 1044 1807 quem
1082 1743 1228 1808 Scipio
1270 1739 1523 1800 Africanus,
1577 1759 1712 1811 quem

310 1813 435 1860 multi
468 1828 587 1878 reges
618 1828 710 1857 non
738 1808 834 1857 sunt
867 1808 1084 1877 dedignati
1133 1809 1413 1858 confiliorum
1450 1812 1709 1871 auidiorem?

311 1881 566 1946 probitatem
586 1896 689 1926 vero
709 1878 876 1941 Polybii
889 1917 904 1936 ,
939 1881 1045 1927 redii
1067 1878 1318 1946 honestique
1338 1897 1558 1938 amorem,
1586 1883 1711 1943 et-vig

309 1954 359 1996 tii
381 1948 554 2007 odium,
586 1965 719 1995 nemo
730 1945 825 1995 satis
841 1965 924 2013 pro
944 1952 1101 1996 merito
1120 1949 1310 1996 hominis
1329 1946 1576 1998 laudauerit.
1618 1951 1708 2010 Vni

309 2034 464 2084 aequus
487 2020 657 2071 virtuti,
679 2019 770 2080 pari
793 2029 942 2064 tenore
969 2033 1100 2083 opere
1121 2029 1235 2074 toto,
1269 2015 1480 2083 praeclara
1490 2015 1605 2064 facta
1616 2009 1712 2080 vbi}

307 2104 394 2153 ‚que
428 2082 622 2144 extollit,
653 2081 784 2131 secius
812 2081 1016 2142 admissa,
1055 2090 1262 2150 grauitate
1285 2082 1470 2151 <quadam
1501 2082 1706 2146 censoria,

309 2174 401 2204 non
420 2167 567 2220 arguta
589 2149 895 2199 declamatione
919 2151 972 2204 ad
991 2151 1319 2200 ostentationem
1348 2157 1537 2220 ingenii,
1571 2159 1706 2221 carpit

309 2241 351 2274 et
374 2224 609 2271 detestatur.
651 2219 824 2279 Fidem,
849 2218 1102 2279 candorem,
1123 2224 1410 2287 integritatem
1431 2227 1477 2269 in
1496 2221 1620 2279 dietis
1638 2221 1705 2283 fa-

309 2298 471 2360 &isque
489 2287 637 2357 paffim
658 2286 989 2347 commendans,
1018 2293 1091 2355 qui
1121 2293 1171 2336 iis
1202 2304 1393 2348 vtantur,
1422 2294 1547 2349 viros·
1565 2291 1704 2354 bonos
1755 2328 1758 2330 v

308 2363 582 2429 pronuntiat3
604 2356 829 2419 ‚versutos‚
857 2370 1136 2415 veteratores,
1165 2357 1309 2407 vafros
1340 2373 1382 2408 et
1409 2357 1704 2410 dolorumar-

309 2433 538 2484 chitectOS,
590 2443 796 2493 nusquam
850 2444 941 2474 non
986 2426 1266 2475 abominatur.
1336 2427 1552 2476 Malitiam
1597 2427 1702 2485 astu·

309 2518 422 2560 tam,
445 2515 552 2566 quae
575 2493 666 2543 fere
687 2494 874 2561 politicis
894 2495 1142 2542 hominibus
1167 2493 1390 2561 prudentia
1409 2495 1589 2556 dicitur,
1611 2509 1702 2555 tane

308 2586 348 2616 ta
371 2567 611 2622 seueritate,
646 2578 711 2612 tot
742 2562 871 2624 loci8‚
906 2576 992 2611 tam
1013 2561 1122 2611 serio
1143 2562 1394 2626 insectatur,
1440 2586 1702 2634 namneum-

305 2637 485 2704 μοσύμην
519 2653 615 2682 vera
633 2630 916 2700 appellatione
935 2631 1194 2698 indigemus,
1227 2647 1270 2680 vt
1299 2633 1367 2680 vel
1396 2651 1467 2689 eo*
1487 2631 1702 2694 dumtaxat

305 2713 486 2755 nomine
510 2704 724 2752 bonorum
744 2706 942 2750 omnium
959 2718 1130 2764 amore,
1149 2699 1290 2761 studio
1308 2699 1570 2768 aqlestione
1595 2705 1702 2768 iugi,

1644 2769 1698 2818 fit

1728 2634 1775 2969 ἕ

1735 2997 1747 3020 5
