1786 3126
838 23 856 51 S

518 118 620 184 CA
647 120 675 175 S
709 124 749 175 Α
777 128 820 177 V
848 123 883 175 B
909 120 1080 175 O'N'l.
1418 135 1503 192 659

26 243 29 248 ”
66 233 418 315 „fflmbibast
451 243 629 303 laboris,
668 243 858 305 inediae,
889 241 1067 311 algoriS,
1095 243 1266 311 'vigiliae
1295 249 1498 312 patientia

0 386 50 485 J

3 352 15 356 -
87 302 137 364 v'et
153 319 202 363 in
225 313 514 382 excogitandis
533 313 719 363 consiliis
739 311 949 371 sollertia,
983 318 1030 360 in
1058 310 1333 379 exsequendis
1353 315 1497 363 celeri·

91 395 206 440 tete,
223 401 377 431 omnes
395 381 593 432 mortales
611 383 816 436 anteibas:
851 382 1047 430 locorum
1067 387 1406 447 opportunitates
1422 397 1496 432 oc-

92 468 276 521 cupare,
305 458 347 500 in
375 453 500 500 bonis
520 454 689 500 haerere
715 465 758 500 et
780 452 966 499 habitare
985 456 1093 509 tuis,
1120 465 1194 498 tuo
1217 464 1408 516 tempore
1430 453 1495 501 lo·

92 537 235 589 eoque
263 520 471 588 praelium
504 520 664 578 facere,
707 521 878 568 hossem
911 526 957 568 in
988 519 1130 568 alieno
1158 520 1494 585 deprehendere,

91 594 231 640 aciem
262 607 316 639 ex
344 588 420 638 vsu
440 589 690 656 disponere,
732 604 774 637 et
800 588 989 637 formam
1019 606 1071 635 ex
1101 589 1300 636 omnibus
1336 608 1493 637 conue-

90 656 396 707 nieutiffimom
418 659 481 707 illi
507 659 635 718 dare3
670 671 823 716 vento,
842 658 1042 724 puluere,
1062 656 1150 704 sole
1170 675 1387 726 pugnare,
1423 659 1494 706 ad.

91 726 347 777 nfirabiliter
366 743 513 776 noras:
550 732 594 776 in
627 727 859 794 praelium,
878 731 1045 795 quoties
1069 724 1151 774 visa
1171 745 1235 774 res
1265 727 1493 794 postulare,

91 800 260 865 primus
283 794 393 855 ibas,
411 796 573 863 praelio
591 796 826 865 postremus
846 795 1096 854 excedebas,
1115 793 1298 863 denique
1311 796 1491 844 confilio

89 863 201 922 dux,
225 864 424 934 exemplo
444 865 569 914 miles
591 882 692 913 eras.
760 868 854 913 Hae
878 868 971 912 sunt
995 880 1128 922 artes,
1152 883 1258 931 quae
1282 880 1326 911 vt
1349 870 1494 914 vince-

91 951 182 993 res,
221 946 267 981 vt
298 940 343 983 in
379 933 584 1002 potestate
613 931 834 982 fortunam
867 935 1066 993 haberes,
1105 934 1180 982 tibi
1220 935 1494 1002 praestabant.

91 1004 213 1052 Haec
231 1001 350 1057 sunt,
371 1021 480 1072 quae
498 1008 632 1071 magis
653 1008 698 1050 in
718 1017 783 1063 te,
805 1021 932 1070 quam
955 1018 1044 1051 tuas
1070 1003 1250 1060 laureas,
1280 1002 1341 1050 illi
1367 1009 1494 1051 mira-

15 1071 17 1123 Ῐ
92 1071 276 1131 buntur,
296 1077 371 1139 qui
392 1090 484 1121 uon
505 1090 555 1120 ex
578 1077 765 1128 euentis,
799 1071 873 1140 sed
900 1091 952 1120 ex
975 1071 1320 1120 antecedentibus
1350 1071 1493 1126 cauffis

85 1138 203 1190 fufio
222 1138 421 1208 casusque
439 1160 698 1210 magnorum
712 1146 903 1190 virorum
916 1140 1170 1188 aeslimanda
1193 1153 1363 1187 norunt.
1400 1142 1492 1188 Iam

84 1207 121 1259 fi
146 1209 266 1259 vrbes
281 1227 532 1259 enumerare
554 1229 730 1278 pergam
744 1247 758 1266 ‚
777 1228 879 1276 quas
902 1224 971 1256 tua
989 1207 1199 1266 maiestas,
1223 1209 1286 1255 vel
1307 1207 1494 1257 obfidio-
1537 1255 1539 1257 ,

81 1294 144 1327 ne
164 1292 237 1328 aut
256 1283 465 1328 machinis
483 1283 768 1347 expugnauit,
792 1279 855 1325 vel
872 1296 1031 1325 corona
1051 1283 1186 1343 cepit,
1207 1276 1272 1324 vel
1295 1282 1492 1344 ingenio-

30 1363 43 1376 ‘
82 1342 137 1396 so
154 1346 303 1414 aliquo
321 1347 608 1415 stratagemate
632 1347 822 1412 decepit,
846 1346 908 1393 vel
932 1346 1151 1395 deditione
1173 1352 1358 1412 accepit3
1392 1357 1492 1395 ante

84 1419 198 1467 Cim
232 1418 366 1483 claust)
397 1427 611 1480 componet
637 1419 690 1467 V
684 1418 798 1481 ffer
828 1417 1025 1482 Olympo.
1093 1417 1188 1481 Ego
1219 1433 1322 1463 vero
1351 1420 1490 1464 animi

83 1488 154 1533 *tui
171 1500 308 1552 prope
333 1487 566 1532 inauditam
591 1484 930 1552 magnitudinem
944 1523 955 1542 ,
976 1502 1066 1532 non
1089 1485 1198 1530 adeo
1217 1501 1269 1530 ex
1291 1490 1367 1539 iis,
1389 1500 1491 1550 quas

86 1552 238 1621 cepisti
269 1551 437 1602 vrbibus
465 1551 582 1620 poss'e
612 1553 790 1620 intelligi
824 1551 1148 1611 contenderim,
1187 1566 1310 1619 atque
1344 1571 1395 1599 ex
1425 1557 1490 1611 iis,

83 1637 192 1692 quas
209 1639 361 1689 capere
381 1641 512 1691 quum
537 1619 688 1689 poffes,
709 1622 893 1669 noluisti.
958 1620 1180 1670 Gaudeant
1201 1620 1296 1669 sane
1317 1621 1387 1668 alii
1409 1632 1488 1685 op·

79 1689 292 1759 pidorum
316 1690 604 1740 enei-{ionibus
622 1706 747 1757 atque
771 1693 967 1748 excidiis,
995 1706 1174 1757 augeant
1195 1693 1294 1738 inde
1314 1689 1409 1737 suae
1423 1689 1490 1737 su-

83 1759 258 1828 'perbioe
273 1759 433 1810 titulos·
497 1762 599 1808 Tua
621 1761 832 1815 maiestas,
861 1762 977 1808 bono
995 1763 1170 1808 humani
1191 1765 1356 1822 generis
1377 1771 1487 1817 nata,

79 1827 353 1895 mliplifieatis
383 1847 470 1876 non
503 1828 743 1885 labefactis,
773 1829 913 1878 ditatis
944 1847 1035 1877 non
1063 1824 1280 1896 quaffatis,
1317 1825 1487 1876 seruatis

63 1908 179 1958 J'non
203 1896 351 1946 deletis
374 1899 568 1955 vrbibus,
600 1913 642 1946 et
670 1899 758 1946 vult
776 1914 952 1965 propter
973 1903 1206 1966 ingenitam
1239 1897 1489 1953 bonitatnn,

88 1979 133 2015 et
156 1966 318 2032 potest,
341 1983 518 2034 propter
538 1967 916 2034 incomparabilem
948 1966 1249 2016 fortitudinem
1266 2005 1277 2024 ‚
1313 1971 1401 2031 pari
1424 1964 1488 2012 fe-

88 2029 246 2099 licitate
266 2037 483 2098 hindam,
504 2054 602 2084 vere
623 2036 812 2104 gloriari.
880 2038 1016 2084 Sunto
1039 2040 1168 2103 igitur
1182 2039 1392 2101 principes
1415 2034 1487 2081 alii

88 2096 378 2160 Poliorcetae‚
406 2120 450 2152 vt
471 2104 642 2153 volent:
677 2105 780 2152 dum
805 2105 907 2159 tibi,
939 2122 1186 2161 nomme,
1218 2103 1415 2150 diuinum
1439 2103 1489 2150 il-

82 2169 181 2219 ·‘Iutn
201 2186 242 2219 et
262 2171 389 2240 longe
419 2173 763 2241 gloriofiffimum
793 2183 997 2227 ΣΩΤΗ
1011 2180 1134 2227 POC
1170 2190 1217 2220 ac
1246 2188 1271 2220 c
1286 2189 1354 2220 oN
1369 2190 1388 2218 s
1405 2191 1428 2218 E
1442 2189 1486 2217 R-

89 2256 348 2300 VA'roniss
371 2242 542 2290 titulum
565 2243 816 2309 relinquant.
884 2245 994 2289 Nam
1019 2247 1085 2290 cui
1114 2246 1257 2308 potius
1279 2259 1405 2307 quam
1435 2243 1487 2286 ti-

88 2307 134 2356 bi
157 2310 239 2356 hoc
262 2327 314 2356 co
346 2326 506 2359 nomen
527 2317 780 2359 conueniat?
813 2315 888 2377 qui
921 2309 1080 2358 bellum
1115 2309 1279 2376 semper
1303 2309 1486 2356 aliorum

37 2403 41 2408 ·
89 2392 193 2445 pace
225 2377 313 2424 mol
333 2382 396 2425 ius
420 2377 595 2445 gessisti,
625 2385 700 2445 qui
733 2398 965 2445 numquam
998 2397 1088 2427 non
1109 2377 1314 2437 maluisti,
1348 2374 1487 2422 fortu-

89 2462 170 2495 nae
193 2459 233 2493 te
255 2451 494 2511 poeniteret
514 2460 631 2506 tuae,
647 2466 773 2514 quam
793 2450 994 2496 vistoriae
1015 2447 1224 2504 taederet,
1245 2463 1372 2511 quem
1396 2448 1487 2490 vni-

62 2513 233 2574 jbersae
253 2514 416 2562 Galliae
436 2519 650 2575 ciuitates,
675 2530 715 2563 et
731 2534 830 2582 quas
853 2516 995 2582 cepisti
1021 2533 1063 2563 vt
1089 2515 1294 2569 seruareS,
1326 2526 1367 2560 et
1387 2529 1486 2578 quas

44 2577 182 2642 sjnon
203 2581 412 2650 capiendo
433 2581 597 2631 seruasti
612 2622 626 2642 ,
657 2582 794 2632 salutis
810 2584 903 2633 suae
922 2586 1139 2633 auc‘iorem
1156 2622 1167 2639 ,
1196 2586 1328 2637 vitae,
1362 2579 1486 2628 liber-

78 2657 186 2701 'utis
202 2668 244 2701 et
263 2656 463 2701 omnium
483 2650 752 2700 fortunarum
773 2672 859 2701 vno
896 2673 971 2701 ore
995 2652 1236 2718 praedicant
1266 2647 1487 2698 conserua·

79 2724 245 2772 ‘tbi-eui.
312 2723 380 2768 Ne
403 2721 457 2768 de
476 2721 568 2769 aliis
597 2739 709 2770 nunc
730 2720 894 2780 dicam,
922 2724 1024 2768 haec
1048 2717 1134 2786 ipsa
1155 2719 1273 2774 vrbs,
1300 2720 1403 2766 haec
1422 2735 1486 2765 re-

898 2791 976 2836 Tt
1009 2805 1050 2837 2'
1419 2792 1504 2851 gia»
