1786 3126
0 0 291 30 ‘arturi-*vvu-‘
450 0 534 16 sore·
890 11 897 21 “
1146 17 1157 22 ο
1231 0 1233 2 “

182 40 183 45 ,
492 30 495 41 v

61 65 66 73 ¹
209 60 211 63 '
966 66 973 80 x
1703 0 1786 118 ζ.

29 111 31 118 i
132 116 135 119 A
359 108 363 110 “

463 157 1029 205 ιοΑέΑνΒοκῑῐ.
1373 154 1502 214 οη·

26 279 186 345 igitur:
218 273 276 324 fic
297 274 384 323 mel
402 286 575 341 generat
593 271 680 322 fel:
711 271 768 320 fic
789 275 837 320 in
855 270 1097 322 medicinae
1114 270 1317 320 remediis
1335 272 1459 320 mali·

0 334 32 423 κ’
50 349 189 414 gnitas
201 341 408 411 quaedam
428 356 600 391 naturae
618 345 818 396 inimioe,
836 355 880 388 vt
897 341 1134 408 plurimum
1152 340 1286 388 latitat
1298 378 1312 398 ,
1331 354 1374 389 et
1384 358 1457 388 ex-

29 429 188 477 .rrema
209 410 353 478 gaudii
372 411 510 461 lucius
527 424 723 478 occupat.
764 408 949 476 denique
979 409 1050 458 lex
1075 423 1244 458 aeterna
1274 409 1357 467 cst,
1381 409 1454 458 vbi

31 482 157 530 ·vber
178 483 237 530 ibi
259 482 393 530 tuber.
428 491 555 530 tanta
574 481 629 546 est
649 498 793 529 rerum
810 480 1016 545 distordia
1033 484 1079 529 in
1097 499 1226 529 aeuo:
1260 480 1457 544 etficbte·

13 603 15 605 ,
51 563 132 601 xta
152 555 274 600 bonis
290 553 399 600 mala
412 552 534 616 fient.
600 551 744 598 Liceat
775 545 952 596 fortaffe
978 546 1032 597 ad
1060 563 1232 615 tempus
1259 564 1457 597 naturam

0 617 17 685 s
50 633 142 670 arte
165 636 206 670 et
236 618 441 668 industria
461 617 679 667 subleuare
701 631 744 666 et
761 632 958 666 ruentem
981 623 1027 666 in
1048 622 1168 684 peius
1195 613 1458 665 sufflamina-

50 706 123 738 re:
153 704 347 738 ceterum
366 693 580 755 corrigere
598 691 645 736 in
665 700 832 748 totum,
854 685 972 735 nulla
999 693 1062 736 vis
1092 690 1271 735 humani
1292 688 1457 754 ingenii

49 768 189 826 queat.
201 757 304 805 Inde
317 755 377 805 est
387 757 504 818 quod
513 773 786 823 quaecunque
795 755 1034 804 moliuntur
1046 755 1263 814 mortales,
1275 753 1343 802 vel
1353 773 1455 802 cum

49 827 200 894 primis
221 824 470 875 considerati
488 840 529 874 et
549 823 773 893 sapientes,
794 843 926 886 ocyus
938 824 1096 874 tardius
1118 830 1265 872 omnia
1284 838 1455 873 mutant

49 912 229 945 nomen.
295 891 400 943 Non
419 893 479 942 est
498 893 731 959 petendum
749 893 920 942 aliunde
947 893 1221 962 exemplum,
1249 912 1379 962 quam
1401 910 1455 942 ex

49 962 130 1012 illo
151 962 243 1032 ipso
264 964 534 1012 Constantini
551 963 728 1032 Augusti
758 968 961 1030 incepto,
995 961 1113 1031 quod
1148 962 1286 1012 modo
1313 962 1458 1011 lauda-

50 1033 174 1094 bam3
206 1050 288 1081 nec
309 1047 433 1080 muto
451 1030 631 1082 fastum.
699 1030 780 1080 Sed
799 1031 1048 1081 crederetne
1068 1032 1219 1099 aliquis
1242 1030 1384 1099 ipsum
1407 1031 1459 1080 il·

35 1100 128 1150 ,lud
145 1101 396 1162 confilium,
424 1100 544 1169 quod
570 1120 594 1149 a
624 1105 821 1169 principe
851 1099 953 1150 esset
982 1101 1229 1168 profedium
1254 1102 1458 1150 historiae

49 1168 364 1226 ainantiffimo,
394 1175 506 1219 inter
535 1174 780 1237 praecipuas
803 1168 957 1218 mussas
987 1169 1189 1217 historiae
1216 1166 1459 1236 perdendae

36 1236 209 1290 fuisse?
258 1244 375 1306 atqui
408 1246 464 1288 ita
496 1244 640 1287 euenit
670 1254 826 1286 tamen.
893 1241 1007 1286 Nam
1037 1239 1108 1284 vbi
1140 1235 1272 1287 semel
1301 1256 1458 1305 corpus

53 1307 173 1356 illud
211 1308 460 1362 historicum
513 1308 561 1355 in
610 1307 889 1372 politicorum
940 1305 1066 1361 *vsum
1117 1307 1169 1354 ab
1229 1325 1286 1356 eo
1351 1324 1458 1355 con-

50 1383 301 1431 cinnatum,
337 1374 490 1424 versari
513 1381 560 1424 in
584 1375 781 1424 manibus
807 1377 1036 1423 hominum
1067 1374 1127 1423 est
1152 1390 1386 1442 coeptum3
1430 1395 1457 1425 e

29 1447 230 1512 -vestigio
251 1444 498 1493 nobiliffimi
522 1448 680 1511 quique
702 1443 902 1492 historiae
935 1443 1159 1511 scriptores
1181 1452 1459 1513 antiquiotes,

39 1514 292 1579 (extalibus
306 1518 449 1580 vtique
470 1512 599 1562 flores
612 1513 672 1560 illi
690 1512 860 1561 fuerant
869 1513 1078 1580 decerpti)
1098 1514 1319 1579 pristinam
1334 1512 1455 1563 suam

36 1581 345 1650 ‘dignationem
360 1580 615 1641 amiserunt3
655 1596 699 1629 et
728 1597 1008 1630 monumenta
1035 1588 1276 1632 aeternitati
1295 1582 1456 1649 [conse-

46 1643 185 1710 crata,
200 1665 267 1700 tot
285 1651 500 1699 nobilium
521 1655 819 1718 ingeniorum,
843 1651 913 1698 vbi
929 1649 1059 1700 defita
1078 1649 1178 1701 sunt
1195 1652 1304 1722 legi,
1324 1658 1456 1702 etiam

33 1717 253 1786 “desc-ribi,
282 1719 401 1788 quod
421 1733 511 1768 erat
530 1716 718 1781 necesse,
741 1718 966 1769 defici-unt.
1044 1721 1225 1770 Acceffit
1257 1737 1300 1770 et
1328 1720 1457 1790 pestis

46 1787 148 1847 alia,
164 1789 525 1858 compendiorum
536 1803 579 1836 et
600 1794 892 1855 epitomarum
903 1786 1150 1849 coufedii03
1184 1791 1300 1858 quod
1321 1809 1456 1859 genus

47 1856 308 1926 scriptionis,
330 1872 375 1907 vt
397 1857 450 1906 ad
471 1863 687 1925 priuatum
707 1858 1030 1907 conficientium
1054 1856 1172 1908 vsum
1192 1879 1284 1908 non
1305 1878 1455 1928 paruas

19 1928 21 1930 ’
50 1919 416 1995 νςίὶὶωὶοέίιαδεῐς
451 1932 506 1975 ita
530 1927 698 1993 publice
729 1932 937 1983 noxium,
969 1941 1012 1975 ct
1041 1920 1208 1996 magnis
1237 1927 1455 1996 scriptori-

49 1994 126 2050 bus
143 1994 312 2063 semper
332 1995 417 2045 fuit
447 1995 799 2046 exitiosiffimum.
865 1999 962 2045 Fuit
984 2011 1028 2044 et
1047 2002 1152 2045 tanti
1177 1998 1280 2046 mali
1299 1995 1452 2058 caussa,

48 2059 333 2129 studiosorum
355 2071 510 2132 partim
534 2071 698 2114 incuria
717 2071 873 2126 artium
889 2066 1191 2123 honestarum,
1212 2073 1370 2135 partim
1389 2073 1454 2116 iu-

52 2124 212 2197 dicium
229 2132 350 2196 fatali
369 2134 554 2201 quadam
576 2140 773 2183 caecitate
796 2134 1096 2201 deprauatum:
1130 2154 1317 2203 quorum
1345 2138 1456 2185 duo-

54 2203 154 2248 run'i
186 2206 417 2266 vitiorum,
462 2218 605 2251 vtrum
640 2204 690 2251 fit
730 2204 891 2269 reipub.
927 2203 1138 2252 literariae
1170 2207 1458 2273 pernitiofius,

54 2271 158 2317 haut
184 2268 301 2319 diffu
329 2286 562 2339 promtum.
630 2271 713 2321 Sed
736 2278 854 2320 enim
876 2277 966 2320 eius
986 2277 1220 2341 triumphi,
1237 2294 1369 2342 quem
1398 2274 1456 2322 de

52 2337 331 2401 bonis-literis
349 2341 556 2388 barbaries
588 2347 676 2389 iam
708 2357 806 2390 ante
837 2342 1000 2408 aliquot
1029 2341 1189 2391 saecula
1223 2348 1332 2411 egit,
1360 2343 1459 2410 glo-

53 2410 163 2454 riam
193 2425 345 2474 magna
369 2427 421 2455 ex
453 2424 568 2474 parte
596 2415 770 2458 auaritia
798 2409 875 2458 suo
904 2411 980 2458 fibi
1012 2416 1103 2459 iure
1125 2412 1323 2460 vindicat.
1353 2431 1457 2461 nam

53 2481 151 2542 quia
176 2476 377 2524 vberrimi
411 2493 642 2542 prouentus
673 2494 715 2527 et
745 2480 910 2546 amplae
929 2479 1133 2528 fortunae
1162 2480 1254 2547 spes
1283 2486 1405 2529 vnica
1423 2494 1462 2531 ‘e

54 2542 320 2592 oetiffidicina
344 2542 599 2612 affulgebat3
630 2554 829 2596 omnium
864 2548 1009 2597 ferme
1040 2554 1213 2618 ingenia
1240 2548 1292 2596 ad
1321 2549 1459 2601 studia

38 2617 176 2680 ,vuius
207 2612 554 2678 iurisprudentiae
580 2635 740 2681 magno
769 2623 934 2683 impetu
970 2615 1055 2665 fcse
1083 2617 1380 2678 contulerunt,
1412 2635 1460 2672 et

53 2696 189 2744 quum
208 2684 411 2747 politicae
432 2683 726 2750 philolophiae
748 2705 842 2751 pars
859 2685 937 2742 fit,
967 2687 1127 2734 nobilis
1156 2686 1227 2734 illa
1260 2687 1459 2755 quidem,

54 2745 126 2812 sed
152 2769 235 2797 vna
253 2764 394 2798 tamen
416 2756 528 2798 inter
545 2753 709 2818 plures,
724 2752 1093 2822 scientialegum3
1126 2770 1292 2804 tantum
1314 2758 1459 2808 lucelli

799 2827 881 2887 an
920 2845 941 2887 5
1328 2844 1456 2878 amor
