1786 3126
470 95 1056 184 ’σκΑεΑνΒωΝ-ι.
1398 137 1485 195 649

71 244 252 305 Αᾲιειᾶἰο
266 266 371 298 vero
395 245 822 314 illius-sedpmribus,
833 249 922 314 'qui
939 245 1484 315 vetustatmi'permlemnt,

55 318 292 388 (Polybius
313 321 537 386 praecipue
566 329 703 364 notus
722 334 771 364 ac
795 313 1019 366 familiar—is
1049 312 1134 365 effe
1151 315 1312 366 debeat.
1376 320 1482 367 Non

36 398 58 456 ’γ
90 400 180 437 erat
198 387 383 436 alienum
413 388 513 434 huic
539 385 664 444 loco,
693 398 737 434 vt
770 389 882 433 inter
902 386 1018 434 hunc
1042 399 1287 453 ceterosque
1313 387 1483 437 histori-

87 474 188 514 ms,
211 470 297 505 tam
318 459 502 504 Graecos
522 472 649 522 quam
665 456 843 502 Latinos
856 490 870 511 ,
901 452 1008 520 quid
1038 469 1329 522 quantumque
1351 461 1484 506 inter-

18 563 19 567 ,
87 524 165 584 fit,
183 527 247 587 (et
271 523 438 579 interest
461 521 559 572 sane
579 525 680 571 haut
699 524 869 590 parum)
902 522 1006 590 quid
1030 528 1142 574 inter
1167 526 1279 572 hanc
1309 536 1351 572 ct
1382 524 1481 572 illo·

15 639 17 643 .
88 612 188 643 rum
214 594 407 642 historias
429 592 479 641 stt
510 589 782 650 discriminis,
808 589 1156 659 expenderemus.
1222 595 1339 641 Facit
1359 597 1482 642 enim

19 705 24 721 ι
66 662 141 727 ⁴ad
163 681 256 711 rem
273 663 301 712 fi
324 659 427 731 quid
448 659 585 719 aliud,
603 679 703 709 cum
723 666 768 709 in
785 666 909 710 omni
927 658 1090 718 fludio,
1109 674 1202 710 tum
1222 666 1269 710 in
1286 659 1366 710 isto
1390 678 1482 711 non

86 728 270 781 minime
282 731 360 789 ,de
377 730 618 780 audoribus
635 729 830 798 singulis,
850 747 1085 797 eorumque
1101 728 1265 797 scriptis
1278 769 1292 789 ,
1311 728 1417 798 quid
1429 728 1483 779 fit

85 798 354 850 sentiendum
386 818 439 848 ex
465 804 571 848 veris
599 803 817 866 principiis
846 798 1044 847 statutum
1075 800 1243 849 habere.
1317 801 1481 848 Verum

20 911 27 934 ,Ἰ
85 874 292 938 quoniam
322 869 492 936 longius
521 873 606 916 iam
646 866 788 917 nescio
818 866 1043 935 quomodo
1076 873 1218 917 oratio
1246 867 1389 917 nostra
1420 865 1483 916 est

84 939 312 1006 promae,
346 956 395 985 ea
432 952 576 985 autem
613 935 803 1004 quaestio
833 955 926 985 non
954 936 1062 985 adeo
1093 936 1251 998 facilis,
1275 951 1319 986 vt
1339 941 1483 1005 paucis

85 1021 211 1074 queat
229 1003 413 1067 absolui3
445 1024 500 1054 ne
523 1005 647 1072 plane
666 1011 898 1054 immemor
914 1005 1049 1055 videri
1069 1024 1249 1073 queam,
1271 1005 1381 1074 apud
1390 1023 1483 1054 ma-

85 1075 274 1124 iestatem
302 1089 420 1129 tuam
447 1072 691 1124 sermonem
718 1076 874 1123 habere
906 1094 1001 1134 me,
1048 1076 1328 1142 pulcherrimi
1359 1092 1484 1142 argu·

79 1153 248 1202 luenti,
267 1158 316 1192 -et
346 1142 399 1192 ad
417 1142 764 1212 cognoscendum
786 1143 994 1202 vtilioris‚
1027 1162 1156 1209 quam
1187 1142 1242 1190 ad
1270 1143 1484 1210 explican-

83 1211 440 1271 dum'facilioriS,
490 1216 740 1262 trailatione
772 1226 962 1260 accurata
988 1217 1035 1260 in
1054 1209 1283 1278 praesentia
1299 1207 1482 1280 superse-

82 1281 211 1342 dens3
244 1280 350 1333 illud
369 1286 547 1330 interim
578 1286 699 1330 omni
726 1277 1028 1330 asseueratione
1047 1281 1304 1329 confirmare
1323 1297 1483 1349 nequa·
1545 1291 1548 1295 ’

83 1358 211 1418 quam
234 1350 432 1408 verebor,
466 1367 556 1397 non
579 1347 699 1415 posse
717 1349 902 1415 aliquem
921 1366 1060 1415 neque
1078 1351 1288 1397 Graecum
1313 1352 1483 1398 inueni·

70 1425 120 1468 -ri
133 1457 146 1474 ‚
168 1435 303 1485 neque
323 1420 520 1466 Latinum
540 1437 589 1466 ex
611 1418 688 1466 illo
712 1418 890 1467 meliore
914 1415 1095 1477 saeculo,
1113 1417 1273 1466 nedum
1293 1436 1318 1466 e
1338 1415 1482 1485 poste-

83 1487 294 1544 rioribus,
323 1504 449 1553 quem
474 1505 567 1536 non
588 1487 725 1555 aliqua
754 1486 970 1554 legitimae
998 1486 1199 1535 historiae
1224 1486 1375 1545 laude,
1402 1498 1478 1534 aut

83 1563 211 1603 etiam
233 1554 452 1622 pluribus,
484 1557 626 1610 noster
654 1559 724 1605 hic
752 1553 980 1604 antecedat.
1048 1557 1235 1623 Magnus
1259 1553 1357 1607 sane
1377 1553 1479 1602 scri-

30 1678 34 1680 *
80 1638 183 1692 ptor
202 1623 476 1682 Herodotus,
505 1638 548 1672 et
577 1623 664 1672 fine
692 1622 978 1674 controuerfia
1006 1623 1207 1673 historiae
1227 1639 1371 1693 pater,
1404 1620 1479 1675 sed

81 1697 155 1760 qui
174 1691 228 1740 ad
253 1693 572 1760 πολυμάθρςαν
606 1707 648 1741 et
676 1711 820 1742 rerum
852 1693 1235 1759 antiquiffimarum
1263 1696 1478 1760 cognitio-

78 1778 183 1812 nem
202 1760 465 1828 plurimum3
498 1761 551 1810 ad
563 1781 657 1810 eam
673 1779 776 1810 vero
790 1780 917 1830 quam
937 1767 1176 1828 quaerimus
1187 1761 1476 1829 prudentiam,

78 1829 391 1886 non,1ixttltu111
428 1829 478 1879 fit
505 1831 743 1881 collaturus.
821 1833 1004 1898 Magnus
1043 1844 1086 1878 et
1123 1836 1189 1880 vir
1224 1844 1266 1879 et
1293 1829 1476 1896 scriptor

54 1897 387 1962 ''Thteydideg
411 1904 485 1967 qui
511 1918 536 1947 a
562 1899 765 1968 gerendis.
785 1900 905 1947 rebus
938 1897 989 1947 ad
1015 1898 1182 1948 easdem
1210 1898 1308 1947 stilo
1336 1896 1477 1966 perse-

0 1977 2 2004 ἴ
63 1964 437 2035 ,ςίἱωάαεμῃιυηι
453 1966 539 2017 sese
563 1966 828 2028 contuliffet3
869 1967 1070 2018 historiae
1100 1968 1152 2017 ad
1181 1966 1301 2017 vsum
1329 1967 1479 2037 politi·

0 2086 1 2089 ,
57 2039 66 2047 ’
81 2033 424 2105 eorumscriptae
435 2037 707 2093 mortalium,
727 2037 870 2096 credo,
891 2042 1081 2104 primus,
1102 2036 1347 2104 exemplum
1358 2035 1479 2103 post-

0 2101 5 2145 ',
80 2102 237 2158 futurit
251 2107 498 2157 mirandum
519 2112 662 2173 potius
681 2125 808 2173 quam
830 2104 1087 2155 imitandum
1106 2105 1235 2155 dedit.
1301 2106 1385 2154 Sed
1408 2109 1475 2155 vit

0 2191 3 2224 ἰ
27 2216 30 2218 .
81 2171 311 2232 maximus,
329 2193 406 2242 par
425 2180 599 2244 ingenio
633 2184 930 2243 argumentum
965 2193 1056 2223 non
1084 2175 1243 2223 habuit.
1280 2193 1360 2241 qua
1380 2177 1476 2240 qui-

27 2266 39 2311 ‘.'·
81 2239 184 2288 dem
198 2259 260 2288 re·
269 2254 390 2293 tamo
409 2246 464 2292 est
486 2245 667 2307 Polybio
684 2243 887 2302 inferior,
906 2259 1067 2311 quanto
1087 2247 1261 2293 Graecia
1274 2281 1286 2301 ,
1306 2246 1390 2290 hoc
1411 2240 1472 2288 est

27 2309 43 2359 «l
81 2310 427 2377 angustus-terrae
445 2313 644 2380 angulus,
671 2319 817 2362 ceteris
852 2313 1050 2360 omnibus
1088 2317 1283 2380 antiquae
1310 2312 1474 2376 οἷκεμέ-

81 2401 155 2438 γης
176 2378 359 2443 partibus
379 2381 437 2428 est
456 2387 612 2431 minor.
647 2396 694 2430 vt
724 2381 777 2431 de
803 2379 1055 2430 obscuritate
1072 2381 1270 2430 difiionis
1290 2380 1471 2441 Thucy.

81 2446 231 2495 dideae
258 2447 368 2495 nibil
402 2445 556 2499 dicam.
631 2453 817 2518 Magnus
852 2452 1122 2516 Xenophon,
1152 2453 1302 2498 eteius
1329 2450 1471 2494 oratio
1499 2504 1501 2506 q

73 2520 234 2582 quouis
255 2515 382 2566 melle
399 2515 575 2566 dulcior.
606 2517 677 2567 sed
697 2523 732 2566 is
752 2519 852 2568 belli
868 2524 1064 2585 pacisque
1085 2532 1190 2566 artes
1219 2521 1265 2564 in
1286 2514 1386 2562 fidia
1403 2515 1473 2579 hi·

78 2584 206 2634 floria
235 2582 346 2632 serio
376 2584 554 2645 docens,
580 2591 627 2635 in
655 2586 759 2638 seria
793 2602 835 2635 et
863 2604 959 2636 vera
973 2625 986 2646 ,
1015 2586 1069 2634 de
1097 2605 1150 2636 eo
1168 2581 1391 2651 propofito
1414 2598 1472 2635 ne

81 2650 279 2720 eogitass‘e
321 2653 494 2720 quidem
531 2654 708 2707 videtur.
785 2653 1090 2718 Thucydidem
1126 2654 1198 2702 ille
1228 2656 1472 2708 continuat:

3 2741 6 2747 ·
81 2735 228 2773 vetum
246 2727 328 2780 ita,
352 2736 398 2772 vt
411 2721 469 2787 fit⁴
483 2722 547 2774 illi
566 2723 896 2843 diffimillimus.S
911 2727 1145 2774 accuratior
1164 2720 1276 2773 idem
1292 2725 1336 2770 in
1358 2722 1472 2839 251?-

191 2819 194 2822 -
903 2809 927 2839 s
960 2809 982 2856 ς
1433 2803 1472 2846 ιβ
