1786 3126
283 140 378 199 630
723 141 1263 211 nen-reama>

294 253 432 306 sumat
461 259 631 307 intium.
700 259 866 304 Veritas
893 255 1048 304 nullius
1078 273 1169 303 non
1203 253 1423 303 'dedititiae
1455 254 1513 302 est
1540 253 1692 303 funda-

295 338 518 384 mentum5
555 343 676 374 verae
695 324 920 392 sapientiae
938 338 1096 387 mater,
1126 324 1370 392 legitimae,
1401 341 1481 371 nec
1506 323 1691 390 ‘praepo-

296 394 453 452 sterae,
481 392 727 460 prudentiae
751 412 896 443 comes
916 392 1162 451 indiuidua;
1199 391 1300 441 fidei
1321 408 1362 441 et
1381 390 1590 441 societatis
1610 395 1690 440 ho-

295 467 466 512 minum
493 481 671 523 ancora3
718 468 859 510 omnis
885 463 989 511 boni
1019 477 1061 512 et
1097 461 1286 518 honesti,
1317 476 1362 510 vt
1390 461 1525 509 aiebat
1557 461 1692 520 Plato,

295 531 510 599 ἧγεμονίς,
566 531 695 598 Quod
718 532 750 580 fi
770 535 882 580 reeie
905 531 1181 589 attendimus,
1200 529 1304 580 scire
1324 532 1553 578 hominum
1576 530 1691 579 aliud

295 601 404 650 nihil
431 601 513 660 est,
532 603 605 648 niti
627 598 746 667 poffe
766 607 981 649 veritatem
1001 619 1144 648 rerum
1164 599 1466 666 contemplari,
1487 599 1573 646 fiue
1584 617 1691 666 quae

294 666 414 726 sunt,
451 670 534 719 fine
561 689 667 738 quae
700 671 835 728 fiunt,
867 688 949 736 qua
971 685 1113 718 mente
1138 667 1382 736 philosophi
1419 667 1691 734 antiquiffimi

293 735 543 804 sapientiam
582 738 862 796 definiebant,
912 737 1124 805 ἔπιςήμην
1149 741 1231 798 τῆς
1260 744 1301 790 ἐν
1335 747 1428 791 τοῖς
1453 733 1549 793 ἕσιν
1580 737 1693 798 εἰλη-

293 807 441 864 θᾶας,
510 807 739 856 Simillime
769 822 810 856 et
846 806 1045 857 historiae
1094 820 1287 855 naturam
1315 806 1395 855 illli
1415 805 1592 854 demum
1623 824 1692 854 ea-

292 881 442 943 piunt,
476 882 549 943 qui
582 875 757 925 sciscunt
789 874 870 926 esse
902 880 1085 924 veritatis
1114 874 1283 926 illarum
1307 893 1450 924 rerum
1478 880 1692 932 notitiam,

293 963 396 1013 quas
429 945 627 993 mortales
657 959 822 1015 gerunt.
892 947 1050 993 Graeca
1077 943 1261 992 eruditio
1293 943 1362 998 τοὶ
1386 943 1593 1012 «γινόμενα
1625 943 1693 992 vel

294 1013 363 1068 τρὶ
395 1015 591 1084 πρακτά
623 1028 754 1062 vocat.
819 1013 1028 1083 Regulam
1058 1027 1170 1062 certe
1201 1018 1395 1073 vnicam,
1425 1026 1550 1080 atque
1582 1011 1692 1061 adeo

294 1086 483 1130 animam
503 1081 700 1131 historiae
715 1087 932 1132 veritatem
954 1080 1051 1142 effe,
1074 1100 1239 1139 omnes,
1254 1086 1326 1149 qui
1339 1082 1391 1130 de
1401 1100 1450 1130 ea
1463 1080 1556 1130 sunt
1575 1081 1694 1130 locu-

293 1155 355 1205 ti,
376 1147 656 1200 consentiunt.
723 1152 936 1207 Historia,
963 1156 1101 1219 inquit
1132 1150 1350 1198 Diodorus
1379 1149 1565 1209 Siculus,
1592 1173 1695 1220 προ.

295 1222 434 1285 <Diffi-1⁰5
456 1226 519 1279 ἔςι
540 1224 622 1281 τῆς
640 1219 891 1284 ἀληθείας,
924 1219 1027 1269 deae
1048 1224 1232 1268 veritatis
1250 1217 1440 1268 sacerdos
1457 1217 1516 1267 est
1534 1233 1575 1267 et
1593 1237 1694 1286 pro-

294 1290 438 1357 pheta,
503 1289 733 1351 Dionysius
754 1286 1089 1338 Halicarnaffeus
1121 1287 1263 1343 idem,
1290 1289 1385 1360 ἱεροὶ
1405 1292 1465 1336 ait
1481 1291 1563 1350 τῆς
1581 1287 1693 1350 άλη-

295 1356 432 1411 θεὶας
452 1357 478 1418 ἡ
496 1364 560 1415 ἱςο
587 1363 657 1412 lx·
699 1363 773 1426 qui
803 1361 934 1406 ctiam
951 1357 1052 1408 alibi
1082 1361 1356 1424 pronuntiat,
1385 1361 1605 1405 veritatem
1626 1357 1693 1405 hi-

296 1426 494 1475 storicam
522 1382 604 1475 effe
637 1432 767 1476 totius
796 1426 1046 1494 prudentiae
1078 1442 1120 1478 et
1159 1423 1384 1492 sapientiae
1418 1429 1693 1492 principium.

290 1491 413 1564 quod
435 1508 476 1541 et
498 1495 569 1543 ille
587 1513 764 1562 magnus
784 1497 932 1546 audior
947 1495 1095 1554 senfit,
1132 1500 1206 1562 qui
1241 1493 1460 1545 historiam
1481 1490 1565 1543 effe
1586 1492 1697 1544 dixit

294 1566 512 1632 vniuctsszc
541 1567 822 1632 philosophiae
859 1569 977 1635 quqfi
1003 1568 1266 1630 metropolin.
1332 1562 1414 1612 Sed
1445 1576 1490 1612 vt
1518 1561 1694 1631 pulchra

294 1637 442 1680 omnia
455 1671 468 1689 ,
487 1632 604 1700 quod
630 1634 860 1700 prouerbio
881 1633 964 1681 diei
985 1633 1114 1691 solet,
1142 1631 1330 1682 difficilia
1351 1630 1470 1692 sunt3
1506 1636 1562 1681 ita
1583 1637 1694 1681 veri-

1771 1417 1786 1670 l

295 1716 357 1750 tas
377 1701 601 1760 historiae,
621 1721 683 1751 res
704 1707 901 1751 omnium
923 1698 1234 1770 pulcherrima,
1265 1699 1414 1750 eadem
1447 1715 1489 1748 et
1511 1705 1692 1751 inuentu
1754 1749 1761 1757 ‚

295 1769 548 1820 difficillima
568 1771 650 1831 esi3
693 1785 736 1820 et
755 1771 979 1837 postquam
1002 1775 1199 1828 inuenta,
1231 1788 1319 1838 quo
1341 1774 1482 1819 minus
1503 1761 1693 1836 profera-

295 1851 366 1886 tur
387 1839 639 1890 in'·medium
657 1879 670 1898 ‚
699 1845 903 1888 max-imas
936 1839 1201 1889 difficultates
1230 1843 1455 1906 experitur.
1495 1838 1613 1905 quod
1632 1839 1693 1888 la·
1754 1875 1759 1878 —

294 1921 382 1962 tet,
415 1912 568 1973 'partim
588 1909 744 1957 malitia
768 1910 815 1956 fit
835 1911 1066 1958 hominum
1081 1947 1093 1966 ‚
1115 1913 1188 1975 qui
1209 1926 1336 1975 praua
1356 1906 1548 1957 fuafafia
1567 1907 1692 1967 fileri,

294 1989 418 2040 atque
438 1978 523 2024 hoc
535 1980 661 2044 padio
680 1982 965 2044 ignominiam
987 1976 1231 2027 lucrifacere
1249 1977 1418 2024 volunt:
1450 1981 1604 2041 partim
1625 1981 1692 2024 in-

295 2049 408 2092 curia
430 2050 555 2092 citiam
578 2064 754 2108 eorum,
789 2052 862 2113 qui
894 2065 958 2094 res
984 2061 1139 2113 gerunt
1159 2051 1370 2094 memoria
1390 2058 1431 2092 et
1449 2045 1692 2094 laudatione

295 2112 455 2181 dignas·
522 2119 612 2162 Iam
634 2133 763 2180 quum
782 2129 956 2181 propter
974 2117 1046 2162 has
1058 2113 1163 2181 ipsa's
1183 2110 1336 2163 cauffas
1357 2112 1569 2180 gestorum
1590 2112 1690 2162 scri·

293 2194 437 2248 ptores
457 2181 716 2230 nulli'labori
732 2222 742 2240 ,
776 2183 882 2230 nulli
909 2201 1160 2239 aerumnae,
1194 2181 1304 2230 addo
1329 2197 1370 2231 et
1388 2182 1494 2231 nulli
1521 2187 1688 2250 impen-

293 2248 387 2311 sae,
416 2249 535 2318 quod
555 2250 606 2300 de
626 2250 885 2313 Thucydide
907 2253 1260 2319 etTheopompo
1280 2249 1484 2317 legimus,
1515 2269 1686 2317 parcere
1731 2299 1736 2309 ,

293 2318 517 2385 deberent,
546 2334 588 2369 vt
618 2325 836 2369 veritatem
866 2319 1035 2367 illarum
1062 2337 1205 2367 rerum
1229 2333 1422 2368 eruerent
1441 2333 1483 2368 et
1503 2316 1688 2387 asseque-

295 2398 465 2444 rentur,
486 2387 536 2435 ad
559 2406 737 2456 quarum
758 2393 1042 2436 narrationem
1062 2386 1146 2436 sese
1168 2402 1338 2454 parant:
1368 2406 1524 2456 paucos
1545 2403 1687 2437 tamen

292 2460 348 2506 ab
367 2453 488 2504 omni
511 2475 616 2505 aeuo
638 2457 688 2507 fit
712 2462 936 2505 nominare
953 2495 965 2514 ‚
1000 2462 1073 2524 qui
1095 2460 1217 2506 huius
1236 2455 1480 2524 diligentiae
1502 2456 1685 2524 gloriam

292 2527 570 2575 ambiuerint:
604 2525 812 2592 plurimos
832 2541 978 2574 contra
998 2528 1196 2575 omnibus
1215 2525 1407 2582 saeculis,
1434 2531 1507 2592 qui
1527 2542 1598 2574 res
1611 2541 1684 2591 pa-

293 2613 390 2643 rum
411 2595 487 2644 fibi
508 2611 742 2661 compertas
766 2595 939 2662 posteris
959 2594 1123 2643 tradere
1144 2594 1321 2663 aggressi
1336 2633 1350 2654 ‚
1382 2593 1485 2644 falsa
1512 2610 1592 2660 pro
1611 2610 1689 2640 ve-

291 2668 349 2712 ris
372 2664 603 2724 traderent3
628 2664 703 2719 mlii
728 2669 995 2731 ignoratione
1017 2678 1058 2712 et
1078 2661 1322 2723 securitate3
1359 2663 1429 2712 alii
1457 2666 1561 2711 vitio
1584 2663 1684 2711 huic

289 2738 382 2802 pari
418 2731 688 2783 credulitate:
728 2733 868 2804 plures
898 2746 940 2782 et
969 2732 1205 2783 mentiendi
1238 2731 1441 2794 libidine3
1478 2747 1583 2799 quos
1612 2743 1684 2780 aut
1746 2758 1753 2766 ’

1551 2805 1684 2868 turpis
