1786 3126
529 125 1079 183 cAsAvBour
1419 141 1500 189 oez

78 245 381 300 ‘consalutant
412 265 443 296 o
471 246 587 297 diem
615 248 668 297 ad
697 249 944 316 p'erpetuam
974 255 1038 299 rei
1066 258 1320 303 memoriam
1348 244 1373 302 a
1400 273 1502 321 pru-

72 338 77 343 ·
103 315 354 365 dentiffimis
380 315 542 365 ordinis
573 316 814 386 ampliffimi
841 319 1027 385 patribus
1059 321 1324 372 meritissime
1356 321 1503 372 conse·

101 389 286 434 eratum!
321 390 438 434 cuius
457 385 660 436 laetitiam
674 425 688 446 ,
705 387 881 454 gaudia,
902 388 1206 454 gratulationes
1229 406 1354 458 atque
1384 391 1501 440 exul-

99 454 284 502 tationes
313 471 446 503 nemo
465 467 578 503 tanta
603 456 689 514 est,
719 455 788 503 vel
819 461 982 524 ingenii
1006 464 1153 525 copia,
1183 458 1251 506 vel
1284 459 1500 518 facundia,

101 527 176 591 qui
198 521 324 590 poffit
348 541 557 575 enarrare.
624 525 778 574 Adhuc
807 538 950 573 tamen
982 527 1296 576 nonnullorum
1319 545 1498 589 mentes,

101 609 211 658 quos
236 609 366 658 praua
385 592 559 641 confilia
581 605 623 640 et
649 593 815 642 feruida
845 599 1058 644 temeritas
1079 597 1130 644 ab
1158 597 1307 645 officio
1326 596 1499 665 longius

99 659 380 719 abduxerant,
425 661 662 710 stimulabat
689 662 762 710 ille
789 677 951 722 metus,
987 683 1068 726 ne,
1089 664 1120 714 fi
1154 670 1199 713 in
1224 681 1303 714 tuo
1323 668 1499 715 vidioris

99 734 273 788 animo,
303 743 510 779 etrerum
531 735 616 778 iam
637 736 866 796 potientis,
906 730 1045 781 sensus
1077 733 1226 806 aliquis
1255 740 1498 802 praeterita-

98 814 196 847 rum
218 802 495 856 iniuriarum‚
519 812 564 847 vt
593 799 667 859 fit,
697 800 918 857 refideret,
950 802 1061 851 male
1091 803 1167 851 fibi
1187 802 1303 852 foret
1331 803 1499 852 consul-

97 878 209 919 tum.
276 867 416 915 Multa
435 868 498 915 illi
520 867 718 934 quidem,
751 868 804 918 de
831 882 903 918 tua
923 869 1182 941 benignitate
1209 887 1251 921 et
1273 872 1499 941 indulgen-

97 939 158 983 tia
180 934 452 995 audiuerant,
468 934 539 984 sed
558 942 711 986 terrori
730 938 1013 988 nihilominus
1032 955 1121 989 erat
1139 960 1373 991 commune
1390 940 1500 990 illud

96 1008 358 1053 vincentium
383 1004 469 1053 flue
499 1010 589 1062 iuS,
618 1006 705 1054 fiue
737 1025 882 1067 error,
911 1006 1130 1060 summum
1167 1013 1373 1060 vidioriae
1404 1011 1497 1059 fru-

97 1074 214 1121 tstum
243 1073 532 1123 in-vinditstae
554 1074 723 1123 licentia
752 1082 1021 1143 ponentium.
1075 1084 1204 1146 igitur
1235 1085 1348 1129 inter
1375 1076 1495 1145 spem

94 1155 343 1210 metinnque
380 1144 630 1211 ancipitibus
665 1148 996 1213 cogitationibus
1039 1146 1312 1205 fludiuames,
1349 1146 1496 1196 laetari

32 1234 45 1240 e
125 1209 263 1271 alam,
285 1209 433 1260 dolere
451 1217 497 1260 in
514 1211 630 1260 finu:
677 1212 813 1260 modo
834 1213 942 1262 bene
962 1212 1149 1280 sperare,
1179 1214 1316 1264 modo
1345 1221 1495 1264 tremi-

91 1228 220 1332 ἔσει-ε.
288 1280 481 1346 Eloquar
507 1298 563 1327 an
581 1279 740 1329 filebo?
772 1279 846 1329 sed
874 1296 1011 1331 tacere
1043 1301 1116 1331 me
1145 1289 1214 1333 rei*
1240 1283 1497 1352 magn-itudo

92 1364 187 1396 non
206 1348 328 1401 finit:
355 1349 497 1397 dicere
526 1347 779 1415 gestientem
806 1351 934 1398 verba
962 1349 1168 1400 deficiunt
1193 1357 1356 1401 meritis
1378 1357 1495 1420 paria

93 1421 191 1465 tuis.
257 1414 474 1483 Equidem
495 1418 585 1464 hoe
610 1416 709 1466 loco
736 1417 769 1464 fi
800 1433 928 1486 poeta
957 1416 1113 1479 effem,
1140 1423 1289 1488 pedius
1320 1440 1491 1471 aereum
1529 1437 1531 1440 ⁴

94 1486 206 1552 mihi
232 1497 454 1550 optarem,
473 1498 645 1536 centum
664 1503 817 1542 voceS,
844 1501 887 1536 et
916 1487 1078 1555 linguas
1110 1494 1155 1536 in
1185 1495 1371 1538 carmina
1395 1509 1493 1538 cen-

92 1564 215 1612 tum,
245 1553 278 1601 fi
306 1567 478 1609 orator,
514 1556 830 1616 enthymemata
854 1556 1184 1615 Demosthenis,
1213 1572 1282 1607 aut
1313 1559 1493 1625 opulen-

91 1625 198 1670 tiam
219 1621 387 1675 Tullii:
420 1640 536 1670 nunc
555 1627 629 1689 qui
647 1642 727 1672 nee
746 1638 873 1691 poet-a
885 1624 963 1677 fim
984 1644 1064 1674 nec
1082 1640 1248 1687 orator,
1266 1629 1404 1676 verbis
1413 1647 1493 1695 po-

90 1693 175 1738 tius
191 1703 284 1739 vtar
302 1692 505 1739 Iohannis
526 1694 663 1758 Papae
683 1690 735 1740 ad
753 1693 960 1742 Carolum
988 1701 1292 1761 imperatorem
1313 1695 1494 1745 scriben-

89 1763 172 1818 tis,
189 1773 316 1826 atque
333 1757 440 1808 iliud
460 1759 662 1810 audenter
682 1760 847 1821 dicam,
875 1782 967 1811 non
988 1763 1025 1811 fi-
1042 1770 1189 1813 omnia
1209 1764 1422 1827 syluarum
1439 1764 1492 1812 li-

32 1884 38 1891 ·
90 1844 178 1896 gna
195 1841 410 1877 vertantur
429 1834 474 1877 in
494 1828 681 1897 linguas,
711 1828 958 1881 suffeciiuras
978 1847 1122 1881 tamen
1142 1851 1492 1882 commemoran-

32 1910 35 1914 ’
88 1897 156 1945 dis
178 1896 428 1946 clementiae
447 1898 683 1966 exemplis,
704 1918 811 1967 quae
838 1899 964 1967 super
990 1903 1228 1950 humanam
1262 1905 1407 1951 euedia
1435 1903 1490 1951 fi-

43 1981 58 2020 ϊ
82 1964 219 2025 dem,
239 1971 286 2014 in
311 1964 397 2033 ipsa
416 1969 622 2026 viam-ia,
657 1983 728 2016 aut
758 1975 842 2016 iam
867 1972 1019 2019 vidirix
1041 1983 1111 2017 tua
1131 1971 1323 2019 maiestas
1344 1970 1493 2021 edidit.

92 2033 294 2083 Claudius
316 2035 534 2103 quondam
554 2040 807 2103 imperator,
836 2043 883 2085 in
911 2037 1059 2085 senatu
1081 2040 1282 2087 Romano
1309 2040 1490 2090 Romuli

93 2102 327 2152 eonditotis
354 2107 527 2170 imperii
549 2103 843 2154 admirandam
867 2105 993 2154 fuiffe
1017 2106 1287 2173 sapientiam,
1315 2111 1401 2156 hoc
1423 2126 1491 2155 ar-

94 2182 303 2238 gumento
318 2173 541 2239 probauit,
569 2178 683 2241 quod
708 2179 931 2242 plerorque
953 2179 1138 2242 populos
1167 2181 1304 2226 eodm
1322 2181 1388 2226 dio
1416 2179 1486 2225 ho-

90 2241 197 2303 stes,
218 2243 313 2290 dein
331 2245 446 2292 ciues·
463 2245 672 2310 habmffit.
738 2249 795 2292 At
821 2260 1007 2311 quanto,
1038 2245 1151 2293 bone
1180 2250 1321 2303 Deua,
1348 2250 1488 2293 maior

93 2306 179 2356 fuit
197 2321 269 2356 tua
286 2306 512 2374 sapientia,
528 2312 769 2362 moderatio
788 2327 828 2360 et
853 2314 1077 2363 clementia
1089 2353 1107 2373 ,
1124 2320 1198 2381 qui
1225 2319 1352 2361 etiam
1376 2317 1489 2360 inter

48 2429 63 2441 ·
92 2395 237 2435 arma,
260 2381 388 2424 etiam
406 2383 455 2425 in
464 2384 551 2427 acie
561 2379 784 2448 persaepe,
798 2382 907 2431 male
920 2381 1121 2431 fanorum
1140 2388 1301 2430 ciuium
1314 2421 1326 2440 ‚
1346 2394 1388 2428 et
1406 2385 1490 2428 mi-

94 2450 282 2494 cantium
318 2444 558 2512 gladiorum
601 2452 876 2499 mucronibus
915 2464 1039 2498 tuum
1078 2451 1187 2499 iat-us
1233 2454 1489 2516 petentium,

93 2530 223 2581 quam
265 2517 450 2568 maxime
512 2527 648 2566 otei-as
685 2516 878 2586 sanguini
914 2519 1166 2586 pepercisti?
1208 2518 1352 2583 postea
1385 2535 1489 2566 vero

59 2595 62 2597 ’
93 2601 224 2650 quam
250 2581 450 2649 quicquid
493 2601 610 2633 uerat
641 2589 916 2642 inimicorum
938 2584 1183 2642 deuicisses,
1210 2585 1336 2653 ipfius
1356 2588 1490 2635 vieto-

94 2655 183 2702 riae
203 2652 364 2708 viCior,
386 2650 446 2699 fic
468 2667 642 2718 repente
662 2651 980 2721 praeteritarum
1004 2673 1212 2702 noxarum
1234 2661 1492 2705 memoriam
1558 2685 1561 2688 «

97 2718 352 2788 deposuisti.
383 2734 427 2768 vt
448 2738 540 2769 non
554 2720 694 2771 folum
713 2728 847 2775 vidios
867 2741 1017 2782 omnes
1035 2741 1083 2771 ea
1105 2721 1196 2788 ipsa
1214 2726 1320 2772 hora
1336 2743 1416 2791 pro
1437 2729 1493 2772 ci-

906 2794 982 2839 Tt
1016 2811 1036 2850 3
1374 2795 1493 2839 uibus
