1786 3126
286 46 374 130 19o
711 33 997 147 νᾉηεῑιχ
1032 67 1265 115 no'r-AE

284 215 288 222 -
368 188 371 190 ’
411 187 515 230 Ibid.
538 200 595 240 17.
627 186 733 245 Περῖ
745 183 936 243 Τεμνίν.)
969 185 1249 230 Reffius'erit
1266 183 1449 243 Τῆμὲνον,
1468 200 1575 246 quae
1588 189 1687 233 vrbs

290 253 364 297 fita
384 253 442 295 est
468 253 510 292 in
531 251 741 303 Aeolide,
774 260 821 292 vt
853 251 983 293 tradit
1014 250 1162 293 Strabo
1197 258 1241 292 et
1271 248 1537 308 Stephanus,
1564 253 1687 296 iuxta

284 319 415 372 quam
435 316 518 356 fuit
534 314 748 368 Apollinis
768 312 896 369 Cynii
918 313 1083 370 fanum,
1115 314 1219 356 teste
1242 313 1317 354 hie
1334 312 1531 369 Polybio.
1555 317 1687 358 *cole-

288 379 410 422 batur
430 387 475 420 et
493 377 769 433 Aesculapius
793 376 971 431 Temni,
1015 385 1062 419 vt
1091 377 1218 418 docet
1245 389 1444 419 nummus
1472 377 1684 434 Mamaeae

287 443 528 496 Augustae,
561 441 607 482 in
629 454 714 496 quo
726 440 1005 496 Aesculapius
1023 440 1215 494 sculptus
1237 439 1295 481 est
1326 452 1424 481 curn
1442 439 1522 487 hac
1539 440 1688 483 inseri.

287 506 462 559 ptione:
498 505 596 547 ΕΠ.
619 505 754 548 ΑΤΡ.
784 505 915 547 ΕΡΜ
931 505 1100 547 ΕΙΟΥ.
1125 503 1573 547 ΤΗΜΝΕΙΤΩΝ.
1604 501 1688 545 La-

279 568 370 610 -tini
391 567 596 608 Temnios
616 568 783 618 dicunt,
807 575 855 608 vt
875 567 933 608 est
956 567 1062 621 apud
1074 566 1271 607 Tacitum
1290 565 1361 607 lib.
1372 578 1407 608 2.
1431 565 1685 614 Annalium:

286 638 429 672 tamen
449 629 602 671 Cicero
625 643 701 684 pro
725 628 904 682 Flacco,
934 629 972 670 T
966 631 1139 670 emnitas
1162 634 1392 684 nuncupat.

405 708 468 741 131
496 707 523 736 1.
541 691 833 748 ‘'Ort’Apxloea.
838 692 860 746 )
894 691 989 734 Huc
1008 694 1224 747 pertinent
1241 691 1481 746 fragmenta
1499 691 1686 750 polybii,

286 770 396 813 quae
417 756 523 812 apud
543 755 715 798 Suidam
735 763 882 796 extant
901 756 943 796 in
966 751 1176 812 προτείνειν
1201 762 1244 796 et
1262 754 1542 812 προσαγγελίοὶ.
1609 790 1612 793 «

405 833 478 868 132.
501 833 555 860 21.
589 815 670 863 Tela
692 817 878 874 Βεργοὶὶον
897 815 1178 872 Ἀντιφάνην.)
1216 817 1367 858 Deefle
1389 816 1460 858 hic
1479 817 1686 879 nonnulla

285 881 388 923 satis
412 891 597 937 apparet.
657 881 774 922 Haec
796 883 909 922 enim
929 881 980 921 ad
1003 880 1243 923 Prienenses
1265 880 1579 935 pertinerenon
1588 881 1685 936 pos

283 945 390 986 sunt
452 944 598 999 Itaque
622 945 815 986 asterisco
838 944 980 985 locum
1003 945 1162 986 notaui.
1222 946 1353 987 Porro
1376 942 1445 985 hic
1473 943 1687 999 Antipha,-

282 1021 364 1049 nes
386 1008 602 1061 Bergaeus
634 1007 898 1048 ineredibilia
931 1008 1135 1061 quaedam
1161 1006 1384 1061 scripserat
1413 1014 1458 1047 et
1494 1006 1685 1061 ridicula,

286 1083 311 1110 a
329 1082 416 1123 quo
437 1070 592 1110 deinde
611 1082 760 1110 omnes
783 1068 930 1111 futiles
950 1084 997 1110 ac
1015 1069 1124 1111 fatui
1145 1069 1325 1124 Bergaei
1345 1068 1440 1110 sunt
1462 1066 1586 1123 dicti,
1617 1070 1687 1112 te?

283 1132 344 1174 ste
365 1130 581 1186 Stephano
602 1131 822 1186 Byzantio
846 1133 888 1173 in
910 1134 1048 1190 Βέργη.
1093 1146 1219 1187 quem
1251 1142 1393 1173 tamen
1418 1129 1510 1171 falli
1539 1132 1687 1175 existi..

283 1208 373 1249 mn,
394 1208 491 1239 cum
512 1195 623 1235 hunc
644 1194 929 1248 Antiphanem
961 1209 1056 1235 cum
1078 1194 1320 1250 Antiphane
1339 1194 1506 1236 comico
1535 1193 1707 1236 consu-¹
1771 1206 1773 1208 ·

273 1259 359 1301 -dit.
393 1272 490 1298 nam
511 1266 806 1312 praeterquam
837 1257 951 1311 quod
979 1257 1241 1312 Antiphanes
1271 1256 1462 1298 comicus
1489 1270 1577 1298 non
1602 1256 1686 1300 fuit

284 1321 492 1363 oriundus
521 1321 657 1374 Bet-ga
691 1320 877 1374 oppido,
923 1320 992 1361 sed
1021 1319 1124 1372 Cio,
1162 1328 1234 1362 aut
1260 1326 1307 1361 vt
1346 1318 1519 1374 quidam
1547 1320 1685 1374 aiunt,

280 1383 461 1435 Rhodo
484 1391 600 1423 certe
624 1396 710 1423 non
730 1383 940 1423 eiusmodi
962 1392 1089 1438 poeta
1108 1382 1214 1434 fuit,
1236 1389 1282 1424 vt
1295 1382 1339 1422 in
1362 1381 1686 1436 exemplumin-

270 1445 413 1499 'fignis
436 1445 639 1487 stultitiae
664 1445 908 1487 sumeretur.
943 1459 1050 1500 quae
1064 1446 1177 1487 enim
1192 1444 1414 1500 supersunt
1432 1444 1554 1487 illius
1570 1443 1688 1500 frag-

279 1518 422 1550 menta
443 1509 552 1563 apud
566 1508 836 1549 Athenaeum
850 1508 1012 1562 ‚longe
1031 1509 1145 1550 aliud
1164 1508 1381 1551 testantur.
1670 1536 1671 1539 =

398 1570 498 1612 Ibid
521 1582 577 1619 25.
612 1570 826 1625 Hpsm'uc.)
862 1570 942 1612 Hic
961 1571 1018 1613 est
1030 1570 1188 1614 Prufias
1208 1575 1501 1624 cognomento
1511 1565 1690 1626 κυνηγδς,

280 1634 351 1689 qui
377 1631 549 1676 denisio
574 1633 750 1686 Perseo,
793 1633 914 1674 cuius
935 1633 1152 1674 sororem
1140 1647 1184 1674 m
1203 1632 1476 1674 matrimonio
1494 1631 1688 1688 habebat,
1710 1689 1714 1692 .

268 1696 463 1739 (Romam
487 1697 631 1748 venit,
666 1710 714 1737 ac
736 1695 776 1736 se
796 1696 994 1738 libertum
1014 1695 1162 1751 populi
1182 1694 1362 1736 Romani
1390 1691 1598 1748 professus
1610 1695 1684 1749 est,

280 1760 539 1814 tandemque
563 1773 586 1800 a
609 1758 844 1799 Nicomede
865 1758 956 1799 filio
974 1755 1227 1800 interseftus
1249 1757 1319 1799 est.
1353 1755 1437 1799 fuit
1458 1763 1616 1810 autem,
1636 1765 1685 1800 vt

275 1824 456 1876 opinor,
491 1821 651 1864 Prusiae
682 1821 820 1873 filius,
851 1821 993 1862 Zielae
1026 1833 1172 1876 nepos.
1232 1819 1386 1875 Neque
1417 1819 1532 1860 enim
1552 1817 1686 1874 αὔξῃ

276 1887 365 1927 tior
387 1883 539 1925 Carolo
563 1883 744 1938 Sigonio
769 1884 861 1926 viro
882 1883 1143 1936 dofflffimo‚
1173 1883 1244 1938 qui
1275 1883 1320 1924 in
1342 1882 1450 1923 libro
1470 1897 1505 1924 1.
1537 1883 1591 1923 de
1605 1892 1683 1924 an*-

277 1947 404 2001 tiquo
427 1948 517 1988 iure
538 1961 656 2001 prou.
680 1961 765 2001 cap.
788 1960 836 1993 13.
869 1960 966 1987 eum
999 1960 1093 1988 curn
1128 1946 1264 1988 altero
1294 1945 1522 1987 confundit
1540 1943 1684 1990 ,Prusia

277 2010 423 2052 Zielae
445 2009 536 2050 filio
550 2041 562 2063 ,
586 2010 657 2063 qui
681 2010 868 2064 Phrygia
887 2012 1039 2051 cedere
1060 2009 1264 2051 Attalicis
1280 2008 1453 2064 regibus
1472 2004 1602 2049 iuffus
1624 2007 1684 2051 est

265 2086 302 2114 .a
322 2072 526 2114 Romanis
543 2106 554 2124 ‚
579 2081 623 2112 vt
645 2073 771 2113 tradit
792 2072 939 2114 Liuius
959 2081 1002 2112 et
1017 2070 1165 2113 Strabo
1184 2071 1254 2114 lib.
1282 2085 1333 2114 υ..
1394 2069 1479 2111 Sed
1500 2069 1613 2111 hunc
1630 2069 1681 2112 ab

277 2135 357 2177 illo
381 2135 582 2188 distingui
605 2135 754 2175 debere
781 2135 844 2175 his
875 2135 1140 2189 argumentis
1162 2134 1342 2175 vincam.
1403 2131 1576 2174 Etenim
1591 2146 1682 2186 vnu-

276 2198 359 2240 ster
380 2199 448 2238 hic
470 2197 631 2238 Prufias
652 2194 813 2253 κυνηγδς
845 2197 1174 2251 cognominatus
1206 2192 1265 2237 est
1292 2194 1396 2238 teste
1417 2195 1613 2250 Appiano
1632 2195 1680 2239 in
1767 2223 1772 2236 .

275 2261 583 2304 Mithridatico.
616 2268 657 2300 at
669 2262 775 2301 alter
792 2260 866 2300 ille
884 2259 1024 2302 dictus
1035 2259 1092 2300 est
1105 2256 1257 2312 χωλδς,
1270 2266 1315 2299 vt
1325 2258 1454 2300 tradit
1463 2258 1680 2311 Memnon,
1760 2275 1762 2277 ·

276 2325 346 2365 lib.
369 2335 418 2373 ις.
439 2331 482 2365 et
505 2323 573 2363 hic
594 2323 762 2377 quidem
783 2321 991 2364 decesfifl'e
1012 2322 1168 2362 dicitur
1190 2335 1242 2362 ex
1269 2322 1469 2373 vulnere,
1498 2319 1614 2376 quod
1631 2321 1677 2361 in
1764 2355 1768 2362 f

276 2386 489 2428 obfidione
536 2386 766 2427 Heracleae
810 2392 1055 2439 acceperat,
1105 2383 1207 2426 teste
1244 2384 1399 2425 ibidem
1431 2383 1677 2426 Memnone.
1731 2403 1759 2434 ·.

275 2448 455 2502 Noster,
477 2456 523 2491 vt
547 2449 660 2497 dixi,
694 2462 717 2488 a
736 2448 972 2489 Nicomede
988 2447 1077 2488 filio
1100 2447 1156 2488 est
1179 2447 1370 2500 occisus,
1402 2453 1448 2488 vt
1475 2445 1535 2488 est
1563 2444 1676 2500 apud
1759 2469 1775 2498 ς

271 2511 515 2553 Diodorum
530 2545 541 2565 ‚
563 2511 767 2556 Iustinum
781 2544 792 2561 ,
816 2511 1058 2566 Appianum
1087 2519 1130 2550 et
1152 2510 1373 2552 Zonaram.
1430 2507 1489 2550 Et
1517 2505 1676 2551 Prusias
1758 2501 1773 2554 Ji

273 2576 444 2627 quidem
463 2577 484 2618 ὁ
504 2572 635 2629 χωλός
655 2573 898 2614 fortiffimus
920 2574 983 2614 vir
1000 2571 1082 2613 fuit
1099 2587 1144 2614 ac
1168 2570 1510 2624 bellicofiffimus‚
1543 2577 1591 2612 vt
1601 2577 1676 2611 ‘te-

272 2636 403 2677 statur
434 2638 635 2678 Memnon
667 2646 711 2678 et
744 2635 950 2691 Polybius
982 2635 1025 2675 in
1058 2635 1144 2675 fine
1171 2635 1242 2677 lib.
1262 2648 1310 2677 v.
1386 2632 1538 2675 Noster
1571 2644 1674 2673 vero

269 2697 431 2757 κυνηγὸς
451 2700 721 2742 effeminatus
752 2710 796 2742 et
817 2698 998 2741 imbellis
1018 2698 1236 2752 proditur,
1267 2711 1315 2740 ac
1349 2696 1472 2751 regio
1498 2694 1673 2736 nomine
1754 2750 1763 2770 s

1558 2756 1671 2798 india
