1786 3126
277 918 1051 1002 HENRICO
1133 871 1289 996 IV.

107 1055 306 1093 IRANC.
343 1055 414 1092 ΕΤ
450 1055 703 1092 NAVARR.
737 1054 879 1091 REGI
917 1051 1462 1091 CHRISTJANJSSJno.
1499 1022 1502 1026 ι

147 1252 160 1265 ·
195 1263 212 1285 ,f
229 1283 242 1295 ἶ
294 1251 300 1257 ·
323 1232 534 1296 ·-apientes
546 1227 656 1276 olim
667 1230 773 1281 viri,
796 1243 916 1275 nom
931 1243 992 1274 m
1007 1242 1061 1283 13,
1081 1242 1215 1292 quum
1237 1241 1324 1272 vno
1337 1242 1489 1274 omnes

297 1286 333 1352 ,ᾗ
378 1315 453 1344 ore
473 1301 729 1345 memoriam
742 1313 887 1343 rerum
906 1294 1117 1362 gestarum
1128 1293 1320 1342 laudibus
1333 1298 1378 1342 in
1391 1313 1490 1342 coe·

318 1354 334 1386 ³
379 1366 471 1413 lum
493 1370 683 1413 certatim
713 1362 903 1418 ferrent,
939 1381 995 1410 eo
1023 1380 1177 1413 venere
1202 1362 1408 1421 demum,
1442 1377 1490 1412 vt

380 1433 592 1489 dicerent,
619 1432 864 1481 conditores
892 1431 1196 1480 historicorum
1228 1450 1490 1485 monumen-

82 1514 225 1552 torum
245 1498 417 1550 diuinae
438 1501 730 1569 prouidentiae
754 1500 971 1559 ministros
995 1505 1042 1550 in
1067 1504 1189 1551 terris
1207 1518 1353 1568 agere:
1386 1520 1486 1568 por-

81 1588 135 1618 ro
153 1582 299 1619 autem
318 1570 566 1629 historiam,
599 1574 688 1619 vim
714 1585 991 1638 naturamque
1009 1587 1105 1617 eam
1128 1570 1309 1628 habere,
1339 1585 1385 1617 vt
1407 1572 1489 1618 ho-

79 1642 219 1690 mines
252 1653 373 1688 antea
402 1639 526 1688 rudes
558 1654 683 1706 atque
720 1638 895 1700 idiotas,
939 1636 1060 1704 (ipso
1089 1643 1205 1688 enim
1235 1638 1368 1687 verbo
1400 1642 1489 1688 hoe

79 1712 280 1773 vmntur)
296 1707 350 1756 ad
370 1707 641 1774 capessendos
651 1709 864 1770 honoreS,
884 1721 926 1757 et
944 1725 1010 1757 res
1026 1707 1114 1758 fiue
1128 1706 1250 1757 domi
1263 1749 1276 1770 ‚
1301 1706 1386 1755 flue
1405 1713 1490 1756 mi·

80 1775 199 1829 litiae
219 1775 425 1846 gerendas
439 1816 453 1836 .,
476 1777 658 1826 idoneos
677 1776 883 1844 praestare
897 1776 1040 1832 valeat,
1110 1783 1171 1825 lta
1187 1813 1200 1834 ‚
1226 1776 1259 1824 si
1277 1777 1486 1843 praestan.

83 1843 339 1898 tiffimorum
365 1849 593 1896 autstorum
626 1846 781 1895 stamus
812 1845 1043 1907 sententia,
1074 1862 1209 1893 vnum
1239 1847 1325 1893 hoc
1348 1845 1488 1895 litera-

82 1932 181 1964 rum
214 1913 274 1962 est
301 1933 456 1983 genus,
486 1921 604 1962 cuius
638 1914 777 1963 studio
810 1912 1012 1981 sapientia
1042 1914 1166 1963 fimul
1194 1914 1415 1981 parabiliS,
1444 1930 1486 1964 et

80 1981 325 2056 QFUdeUfiU
358 1984 447 2032 duo
468 1983 706 2042 felicitatis,
730 2002 837 2051 quae
861 1983 1029 2032 summa
1050 1982 1190 2052 potest
1223 1986 1393 2032 homini
1413 2003 1486 2031 na-

84 2055 134 2101 ’ἱὸ
181 2057 352 2102 riuatim
375 2068 445 2101 aut
465 2053 633 2119 publice
661 2058 938 2121 contingere,
954 2051 1067 2110 sola,
1087 2070 1218 2118 eaque
1243 2052 1486 2115 certiffim,

87 2124 136 2168 in
156 2173 158 2177 7
222 2135 378 2172 menta.
452 2124 666 2188 Sapientia
694 2121 900 2188 siquidem
933 2121 1016 2180 est,
1070 2140 1176 2187 quae
1224 2140 1251 2170 n
1266 2138 1319 2170 Ει
1367 2140 1485 2172 οΡΤ.

87 2204 407 2238 κΛκμῐιιιιῃεη
422 2188 547 2238 docet
569 2189 819 2257 agnoscere,
849 2209 979 2257 opera
1013 2191 1316 2256 contemplari,
1335 2205 1488 2258 poten-

88 2261 192 2304 tiam
214 2257 424 2307 infinitam
442 2265 532 2325 pari
554 2259 708 2307 iustitia
722 2275 763 2307 et
782 2260 972 2307 bonitate
993 2262 1205 2316 iunctam,
1229 2265 1389 2315 mirari,
1416 2277 1487 2307 ve-

88 2329 477 2381 nerari‚reuereri:
524 2347 630 2393 quae
658 2332 887 2377 hominem
919 2326 1038 2376 sensu
1072 2333 1236 2394 pietatis
1269 2329 1487 2375 imbutum

88 2395 224 2441 humo
241 2394 421 2453 attollit,
443 2411 484 2442 et
506 2394 625 2463 supra
645 2396 786 2445 coelos
807 2399 962 2446 euehit.
1033 2397 1258 2445 Prudentia
1286 2413 1387 2442 vero
1410 2394 1487 2453 est,

88 2480 196 2527 quae
216 2467 324 2510 inter
342 2464 452 2510 bona
467 2465 682 2531 malaque,
702 2465 817 2514 vtilia
841 2482 882 2513 et
901 2470 1043 2523 noxia,
1063 2465 1253 2512 salutaria
1275 2479 1315 2510 et
1335 2469 1485 2512 exitio·

87 2529 152 2590 sa,
181 2531 319 2577 statuit
339 2530 586 2580 discrimen:
621 2534 706 2580 fine
723 2553 804 2599 qua
829 2553 883 2583 ne
907 2534 1087 2600 intelligi
1111 2532 1284 2600 quidem
1301 2532 1382 2582 vlla
1403 2537 1486 2580 vir·

11 2623 16 2627 ’
89 2613 154 2648 tus
180 2598 337 2664 potest:
371 2600 478 2647 nihil
502 2607 616 2659 enim
635 2601 741 2650 adeo
755 2604 915 2651 bonum
930 2642 942 2661 ‚
971 2602 1114 2669 quod,
1135 2603 1203 2649 vbi
1230 2603 1335 2667 haee
1358 2601 1485 2663 abest,

88 2685 179 2716 nou
201 2684 330 2714 vertat
355 2668 491 2727 male3
536 2669 640 2716 nihil
664 2669 770 2718 adeo
803 2672 963 2722 malum
979 2710 991 2727 ‚
1020 2669 1162 2736 quod,
1190 2670 1221 2717 fi
1243 2673 1348 2718 haec
1366 2670 1486 2732 adlit,

90 2754 181 2784 non
205 2734 324 2784 cedat
349 2736 489 2784 bono:
522 2736 608 2784 sola
629 2744 785 2806 quippe
812 2746 859 2788 in
879 2739 1068 2808 quolibet
1091 2757 1234 2788 rerum
1245 2740 1390 2789 habitu
1406 2737 1486 2791 ser·

77 2816 81 2824 ’
1388 2824 1484 2859 nata
