1786 3126
0 0 103 276 'vv
188 0 201 19 ἵ.
215 0 217 2 .
239 0 258 10 Γ

62 26 68 42 Ι

565 80 586 155 J<
607 110 683 155 m
735 83 1114 173 exc-Bura.
1477 116 1555 166 ιε,

139 222 149 237 F
175 212 179 218 w

120 243 196 297 sm?
222 230 228 235 ’
269 207 456 279 lbid..32.
490 221 603 277 Σᾶες
621 219 704 283 δέ.)
736 225 830 268 Hae
858 226 965 268 duae
995 238 1126 268 voces
1155 226 1467 282 expungendae
1491 227 1556 269 vi-

151 292 332 348 dentur,
354 293 518 335 sensum
526 291 651 340 ,enim
670 289 862 342 turbant,
884 289 961 331 nifi
978 288 1092 332 forte
1112 289 1340 331 scribamus
1353 321 1366 343 ‚
1386 285 1486 338 σύες
1496 305 1556 345 τε,

54 363 63 413 ss
148 364 228 400 tut
250 355 516 411 fimpliciter‚
537 348 633 402 σύες
653 354 751 406 μὲν,
771 352 934 410 οἶκρίτως
949 352 1003 395 δέ.
1038 352 1153 407 quod
1174 350 1357 394 mirifice
1368 350 1523 407 placet.

20 397 65 486 ἐς.

0 488 26 535 λ.
46 491 67 533 ’Β

0 535 55 817 l

155 465 158 468 Δ
266 417 369 461 Ibid.
387 430 442 468 33.
473 420 533 462 OI
551 417 641 473 ‘rapi
661 412 730 459 niu
751 416 980 470 Κέφαλον.)
1023 414 1171 457 Liuius
1200 415 1273 456 lib.
1301 428 1364 464 43.
1401 412 1502 455 Cum
1526 426 1554 454 a

157 478 336 526 nracia
348 493 487 536 pacem
509 478 656 532 Cotys,
674 476 727 520 ab
746 476 877 533 Epiro
891 475 1092 533 Cephalus
1107 478 1318 533 repentina
1337 475 1553 532 defeffione

153 555 182 586 a
198 543 397 601 Romanis
413 542 679 599 praestarent.

267 605 372 651 Ibid.
390 616 445 654 38.
477 607 535 649 Of
548 605 640 661 περὶ
655 600 878 658 Θεόδοτον.)
913 601 955 645 Is
975 602 1057 657 est,
1075 610 1119 645 vt
1141 603 1297 659 opinor
1310 636 1322 656 ,
1348 601 1553 645 Theodo-

153 674 224 711 tus
242 667 469 724 Epirotes,
497 666 713 710 Pafl'arone
743 667 900 723 oppido
931 666 1138 709 oriundus
1155 699 1166 721 ,
1197 665 1373 719 infignis
1402 664 1551 706 fauore

150 731 289 774 Persei
309 739 354 774 et
374 732 475 773 odio
497 724 695 774 aduersus
714 729 956 785 Romanos,
986 730 1039 771 de
1057 742 1143 784 quo
1171 736 1216 771 et
1235 729 1432 771 Antinoo
1454 727 1549 769 vide

153 792 324 837 Liuium
348 794 420 836 lib.
439 807 501 844 45.

269 870 342 900 ιοι.
367 866 419 903 18.
453 853 536 906 Tic
564 852 784 912 Φανοσὲἶς.)
841 854 1092 911 Legendum
1126 854 1322 906 videtur,
1354 850 1552 906 Φανοῖ-ἇς,

151 919 263 976 quod
284 919 343 962 est
362 920 560 976 oppidum
589 921 632 962 in
650 933 754 974 agro
773 918 997 973 Plinnena,
1028 919 1151 959 cuins
1173 918 1368 959 meminit
1397 915 1550 958 Strabo

147 981 222 1024 lib.
249 988 286 1032 9.
313 990 358 1024 et
387 981 590 1038 Polybius
614 982 682 1025 lib.
711 995 743 1032 5.
803 981 1052 1024 Existimaui
1081 980 1332 1036 aliquando,
1373 979 1551 1021 eosdem

150 1042 234 1093 ess‘e
252 1057 302 1086 ac
319 1043 528 1094 Πανυτὲἱς.
563 1046 719 1101 quippe
739 1043 890 1087 Strabo
927 1045 1011 1098 ait,
1041 1043 1358 1099 Parapotamios
1380 1041 1548 1084 vicinos

97 1132 99 1134 -
150 1104 231 1149 effe
252 1107 580 1150 Phanotensibus
601 1116 645 1150 et
661 1107 1043 1160 Chaeronenfibus‚
1075 1107 1191 1162 quod
1222 1115 1267 1148 et
1296 1103 1549 1158 Panopenfi-

148 1169 225 1211 bns
244 1171 459 1214 conuenit.
492 1171 586 1214 sunt
605 1171 716 1212 enim
738 1170 1002 1224 Panopenses
1027 1168 1156 1210 vicini
1182 1167 1487 1222 Parapotamiis
1505 1172 1549 1207 et

147 1221 507 1275 Chaeronenfibus
522 1266 534 1286 ‚
568 1234 670 1275 teste
682 1232 907 1274 Herodoto
928 1231 996 1272 lib.
1010 1241 1043 1277 ε.
1064 1238 1108 1272 et
1119 1230 1319 1271 Pausania
1340 1231 1382 1271 in
1395 1228 1550 1270 Phoci-

148 1294 226 1339 εἰς.
262 1294 374 1337 vnde
395 1296 507 1351 apud
526 1293 784 1350 Sophoclem
804 1307 881 1348 pro
903 1289 1093 1342 Φανοτεύς
1120 1294 1140 1336 ὅ
1169 1289 1345 1345 Φωκεὸς,
1377 1291 1548 1346 quidam

146 1354 355 1406 Πανοτεῦς
373 1357 594 1412 legebant,
628 1357 731 1398 teste
754 1355 976 1398 Eustathio
1007 1356 1050 1396 in
1078 1355 1256 1397 Homeri
1289 1355 1548 1408 catalogum.

147 1417 221 1462 Est
235 1427 287 1460 ‚et
306 1419 495 1461 Phanota
512 1418 731 1462 castellum
752 1417 874 1474 Epiri
893 1417 1003 1473 apud
1022 1417 1195 1461 Liuium
1223 1417 1297 1459 lib.
1323 1430 1377 1464 33.
1396 1417 1440 1457 in
1459 1415 1546 1474 fine

146 1487 194 1523 et
220 1480 290 1524 lib.
316 1494 378 1532 45.
693 1495 698 1498 ·

186 1596 191 1607 ο
262 1556 346 1586 102.
368 1553 402 1590 8.
433 1540 522 1594 Ταὲς
538 1539 883 1598 οἷναθημοιτικαίς.)
915 1542 1131 1596 Imagines
1159 1548 1204 1583 et
1234 1541 1389 1584 statuas
1416 1542 1543 1596 verti,

147 1611 255 1660 que
269 1605 365 1649 sunt
383 1603 676 1662 αἰναθηματικα)
694 1602 813 1662 τιμαί.
845 1605 920 1647 etsi
941 1606 1052 1646 enim
1065 1619 1216 1659 regum
1237 1618 1284 1645 ac
1303 1605 1544 1660 principum

136 1667 324 1710 «honoris
354 1667 489 1711 cauffa
518 1669 778 1719 statuuntur,
828 1668 964 1710 solent
990 1667 1271 1709 nihilominus
1302 1667 1428 1708 alicui
1460 1669 1541 1708 deo

145 1731 395 1774 consecrari.
454 1729 606 1772 Cicero
626 1745 660 1772 2.
679 1731 721 1772 in
746 1730 953 1774 Verrem:
995 1730 1108 1786 apud
1124 1744 1261 1771 omnes
1280 1730 1460 1771 Graecos
1481 1727 1543 1770 hic

145 1805 232 1835 mos
251 1794 303 1852 est
315 1827 328 1848 ,
360 1799 407 1836 vt
422 1793 610 1835 honorem
629 1793 854 1835 hominibus
872 1793 1054 1835 habitum
1073 1794 1114 1834 in
1131 1793 1383 1834 monimentis
1403 1791 1543 1833 huius-

145 1854 255 1898 modi
279 1856 474 1898 nonnulla
510 1858 703 1911 religione
734 1855 902 1898 deorum
930 1854 1158 1911 consecrari
1186 1854 1443 1896 arbitrentur
1470 1859 1540 1897 etc.

145 1916 280 1983 yide,
298 1933 402 1975 quae
423 1919 588 1961 notauit
605 1919 875 1961 casaubonus
894 1919 945 1960 ad
962 1918 1203 1974 Diogenem
1224 1917 1380 1959 Laertii
1401 1916 1538 1958 filium

64 2031 69 2039 ,
104 2003 107 2013 =
211 1978 412 2041 Platone,
443 1976 488 2024 =et
507 1979 604 2024 ante
623 1983 746 2024 illum
767 1981 932 2037 Lipfius
953 1982 997 2023 in
1017 1981 1333 2023 commentariis
1360 1981 1412 2021 ad
1443 1980 1536 2023 libr,

153 2046 159 2050 ’
180 2043 427 2094 ‘Annalium
447 2045 601 2090 Taciti.
657 2044 839 2089 Videtur
855 2051 997 2086 tamen
1028 2044 1234 2100 Polybius
1260 2043 1431 2085 nomine
1461 2039 1538 2084 τῶν

145 2102 450 2165 οἷῇθημοιτικῶν
467 2105 586 2159 τιμὶὗν
606 2108 705 2163 plus
728 2107 913 2162 aliquid,
940 2121 1065 2162 quam
1096 2107 1250 2149 statuas
1279 2105 1535 2158 intelligere.

147 2164 426 2224 Capite-enim
443 2183 509 2224 74.
528 2170 795 2225 legationum
814 2170 895 2222 ait,
927 2183 1076 2211 omnes
1109 2169 1313 2211 Eumenis
1334 2169 1536 2217 honores,

149 2227 220 2284 qui
241 2229 429 2289 indecori
454 2241 498 2275 et
516 2241 684 2288 praeter
710 2231 980 2274 Achaeorum
1010 2232 1130 2286 leges
1151 2230 1317 2284 effent,
1350 2229 1536 2271 sublatos

85 2295 92 2306 ⁸
148 2285 286 2334 fuiss‘el
310 2300 402 2336 aras
422 2295 566 2351 itaque
589 2304 632 2337 et
649 2296 760 2336 sacra
783 2295 959 2349 diesque
990 2294 1118 2337 festos
1138 2294 1342 2336 Eumenis
1362 2291 1536 2332 honoris

147 2352 283 2409 eaufiJa
301 2355 512 2400 institutos
534 2357 613 2401 hac
635 2371 742 2400 voce
761 2357 1096 2413 comprehendit.
1159 2356 1272 2402 Vide
1291 2365 1333 2398 et
1352 2353 1536 2408 legatio-

147 2429 245 2457 nem
261 2427 366 2521 ἔξω·
391 2494 443 2529 ¹3.
472 2476 533 2526 Tel
561 2478 846 2538 Φιλάδελφον.)
894 2482 964 2524 Ab
994 2482 1076 2524 hoc
1104 2481 1149 2522 in
1187 2480 1362 2523 fratrem
1392 2490 1535 2518 amore

146 2541 475 2596 cognominatus
498 2543 556 2585 est
575 2544 863 2601 Philadelphus
878 2579 889 2599 ‚
910 2546 1014 2587 teste
1034 2544 1248 2585 Marciano
1270 2540 1537 2594 Heracleum,

55 2602 58 2604 ’
147 2610 193 2646 et
213 2603 417 2646 Strabone
437 2605 508 2646 lib.
530 2620 584 2655 14.
605 2615 648 2650 et
667 2607 880 2664 Stephano
903 2607 1166 2664 Byzantioin
1186 2605 1373 2655 εὐμένεια.
1425 2602 1534 2644 Male

46 2714 49 2721 Ἰ
137 2665 342 2721 Scaliger
357 2666 610 2722 postremum
629 2670 824 2712 Attalum
847 2670 928 2712 hoc
950 2669 1207 2724 cognomine
1231 2664 1429 2708 affectum
1452 2663 1534 2706 effe

148 2729 402 2773 existimauit
413 2762 426 2786 ,
439 2743 534 2772 cum
557 2731 595 2772 is
608 2731 865 2775 Philometor
877 2731 1016 2774 dietus
1037 2732 1102 2787 fit,
1121 2744 1207 2772 non
1221 2729 1532 2784 Philadelphus.

932 2795 976 2835 M
1009 2808 1036 2843 4
1398 2805 1472 2840 103.
1496 2805 1529 2841 2,
