1786 3126
312 173 396 217 ¹70
729 155 1003 204 VALESII
1053 155 1291 204 NOTA-E

314 285 368 332 h‘o
387 283 500 327 vires
513 282 617 341 suas
639 289 847 340 expertus.
881 284 924 326 id
943 283 1026 338 est,
1049 297 1190 339 neque
1208 282 1284 325 illo
1305 283 1359 324 ad
1373 281 1524 326 Laden
1537 277 1570 339 ,’
1579 295 1720 340 neque

312 349 451 392 altero
472 349 523 388 ad
542 348 693 390 Chium
710 349 888 403 praelio,
949 347 1096 403 Itaque
1117 349 1276 402 absque
1292 346 1375 387 hoc
1397 344 1566 401 Polybii
1588 347 1720 388 nostri

311 412 415 456 loco
440 411 553 453 Liuii
572 411 694 452 locus
721 411 913 465 intelligi
932 425 1019 452 non
1042 418 1221 465 poterat.
1281 407 1480 451 Ceterum
1507 407 1610 465 quin
1639 422 1720 464 pu-

315 489 404 532 gna
423 475 475 516 ad
506 474 650 516 Laden
679 472 947 529 praecess'erit
978 474 1186 528 praelium
1217 472 1269 512 ad
1303 470 1458 514 Chium
1476 504 1488 525 ‚
1537 471 1721 513 dubitari

313 551 404 581 non
428 537 585 592 potest,
635 546 727 578 tum
748 551 799 578 ex
820 537 888 577 his
922 550 1026 591 quae
1051 536 1165 589 dixi,
1218 543 1310 576 tum
1341 534 1425 576 hoc
1451 541 1719 589 argumentm

315 599 490 643 Constat
509 600 626 640 enim
639 632 651 651 ,
675 599 868 641 Attalum
887 598 977 654 post
1000 607 1223 653 Vtrumque
1237 598 1347 640 illud
1363 597 1723 653 praeliumstatim

315 664 511 707 Athenas
537 660 715 715 venisse,
735 676 786 703 ex
812 661 938 702 Liuio
961 676 1008 703 ac
1023 661 1206 717 Polybio
1222 693 1233 714 ‚
1256 660 1475 715 legatione
1496 672 1533 703 α.
1557 673 1607 702 ac
1629 667 1722 701 tum

315 725 602 769 Athenienses
625 726 665 765 ei
685 725 853 780 publice
874 725 926 765 ob
958 738 1047 765 rem
1075 724 1258 767 feliciter
1291 723 1450 778 gestam
1477 723 1722 783 gratulatos

317 787 414 830 effe.
450 789 565 830 venit
586 801 689 842 ergo
711 788 801 844 post
823 801 1009 843 pugnarn
1029 788 1082 828 ad
1102 786 1278 842 Chium,
1313 787 1358 828 in
1380 799 1462 842 qua
1482 798 1627 842 pugna
1638 785 1725 827 At·

316 852 432 895 talus
451 859 495 893 et
521 851 677 893 Rhodii
699 851 935 906 superiores
957 849 1141 892 fueraut.

415 925 492 965 -.58
512 929 567 956 10.
603 911 687 958 Τδν
705 910 997 971 Ἡρακλείδην.)
1031 913 1112 955 Hic
1134 911 1387 955 Heraclides
1409 918 1502 964 erat
1523 910 1725 954 Tarenti-

319 991 428 1030 nu5‚
455 978 520 1018 vir
551 977 746 1018 omnibus
773 976 952 1030 flagitiis
985 976 1324 1029 contaminatus,
1361 989 1486 1031 quem
1525 973 1724 1016 describit

317 1039 529 1096 Polybius
551 1039 620 1082 lib.
646 1053 696 1088 13.
717 1039 770 1079 ob
793 1041 914 1081 cuius
934 1040 1164 1080 amicitiam
1186 1053 1283 1081 curn
1297 1039 1513 1095 Philippus
1531 1037 1724 1079 omnium

319 1102 365 1144 se
387 1103 575 1144 inuidiae
587 1101 827 1155 expofitum
846 1113 1062 1157 cerneret,
1082 1102 1255 1145 tandem
1266 1115 1365 1143 eum
1378 1103 1422 1143 in
1434 1100 1604 1143 vincula
1614 1112 1722 1141 con-

318 1165 450 1216 iecit,
471 1164 634 1206 summo
656 1165 844 1205 omnium
865 1165 1046 1218 gaudio,
1070 1175 1118 1206 vt
1139 1165 1201 1206 ait
1226 1164 1376 1207 Liuius
1398 1165 1468 1207 lib.
1487 1177 1549 1212 32.

439 1226 543 1268 Ibid.
566 1239 617 1277 ιγ.
651 1226 722 1268 Ἑν
741 1223 797 1284 τῷ
813 1223 1064 1284 orpora-acini.)
1104 1227 1364 1281 Prytaneum
1394 1227 1623 1281 vertimus,
1652 1224 1726 1268 Li-
1769 1255 1774 1262 .

321 1291 445 1334 uium
477 1288 697 1332 auetorem
728 1287 875 1330 secuti.
932 1288 975 1330 Is
994 1289 1066 1331 lib.
1087 1303 1151 1339 42.
1180 1290 1326 1343 Cyzici
1353 1291 1397 1331 in
1418 1294 1649 1345 prytaneo,
1681 1284 1730 1328 id

322 1354 376 1411 est
390 1352 600 1410 penetrale
623 1350 763 1403 vrbis,
778 1349 864 1392 tbi
890 1350 1069 1405 publice,
1110 1351 1258 1408 quibus
1279 1353 1319 1394 is
1347 1351 1474 1393 honos
1508 1350 1634 1392 datus
1662 1350 1729 1407 est,

323 1415 553 1472 vescuntur.
613 1414 683 1455 sed
701 1422 743 1455 et
767 1413 879 1469 apud
897 1413 1147 1456 Ciceronem
1164 1428 1214 1456 ea
1236 1429 1324 1458 vox
1351 1414 1485 1457 latine
1505 1415 1566 1456 ita
1592 1427 1728 1456 enun-

326 1481 476 1522 ciatur.
535 1493 537 1495 ·

443 1541 550 1583 Ibid.
571 1554 635 1590 29.
669 1536 791 1598 Παροὶ
813 1536 885 1583 τδν
893 1540 1123 1595 “Orsi-erma)
1156 1540 1360 1596 Hoplites
1379 1539 1502 1583 riuus
1521 1550 1731 1581 memora·
1767 1575 1777 1591 ,ἱ

324 1612 397 1649 tur
416 1618 441 1645 a
458 1604 686 1645 Plutarcho
707 1605 749 1645 in
770 1603 979 1658 Lysandri
1011 1603 1122 1657 vita,
1155 1604 1227 1657 qui
1254 1602 1496 1657 Haliartum
1524 1602 1731 1645 Boeotiae
1755 1613 1778 1621 Α

323 1668 538 1725 praefluit.
573 1679 824 1722 quamquam
845 1666 917 1707 alii
935 1672 1170 1708 torrentem
1194 1665 1276 1706 effe
1293 1665 1489 1708 dicebant
1507 1665 1625 1706 iuxta
1644 1663 1733 1707 Co-

326 1745 501 1774 roneam
515 1763 525 1782 ‚
551 1730 625 1784 qui
648 1731 690 1771 in
718 1729 930 1771 Phliarum
951 1741 1117 1770 amnem
1139 1727 1310 1771 influit:
1343 1727 1412 1769 sed
1425 1727 1534 1769 alius
1547 1726 1619 1768 hic
1636 1726 1732 1768 Ho-
1754 1721 1774 1764 ,ἶ

328 1793 459 1850 plites
482 1794 756 1847 intelligitur.

447 1856 552 1898 Ibid.
575 1869 632 1903 32-
665 1850 984 1908 Koeroi‘EAoee.)
1033 1851 1268 1908 Corruptus
1297 1853 1356 1896 est
1378 1852 1447 1894 hic
1475 1853 1612 1895 locus.
1642 1865 1730 1906 ego
1760 1853 1764 1857 ’

327 1919 552 1964 Σελλασίαν
585 1918 814 1972 legendum
849 1915 932 1957 effe
961 1912 1219 1968 existimaui,
1254 1917 1370 1970 quod
1409 1915 1625 1972 sequentia
1654 1916 1731 1957 de·
1752 1924 1781 1956 ⁶.

328 1981 575 2024 monstrant.
635 1980 827 2032 Sellasia,
846 1978 1106 2021 fiue=Selafia
1123 1978 1332 2034 (Vtroque
1348 1979 1463 2020 enirn
1480 1979 1608 2020 modo
1627 1977 1752 2022 scri-³.

327 2044 469 2098 bitur)
491 2044 695 2098 oppidum
716 2043 829 2085 fuit
817 2057 861 2084 in
882 2056 984 2097 agro
1001 2041 1237 2092 Laconico,
1266 2051 1355 2083 non
1383 2041 1535 2097 procul
1561 2039 1612 2082 ab
1632 2040 1734 2084 vrbe
1781 2038 1786 2044 “

333 2106 507 2163 Sparta,
534 2106 647 2166 quod
671 2105 692 2146 s
690 2119 740 2146 ua
762 2113 900 2147 aetate
924 2105 1112 2147 dirutum
1133 2075 1250 2145 fuiff'e
1279 2105 1455 2148 testatur
1468 2103 1703 2147 Pausanias.

454 2182 512 2218 59.
527 2182 566 2218 4.
598 2166 701 2214 Teuc
729 2167 884 2223 Κυρυνῒ
866 2167 951 2222 σι.)
993 2166 1120 2209 Haud
1143 2167 1270 2208 dubie
1300 2167 1531 2223 legendum
1558 2165 1619 2208 est
1631 2182 1765 2220 ταις,

332 2230 589 2289 Σκειρωνίσι,
621 2230 690 2271 hic
723 2238 768 2272 et
796 2230 932 2271 statim
964 2229 1085 2273 infra.
1132 2229 1229 2271 sunt
1261 2231 1376 2272 enim
1403 2228 1598 2271 Scironia
1634 2229 1783 2271 saxa

333 2294 507 2354 prorsus
525 2294 575 2334 ad
599 2294 823 2335 Orientem
843 2292 1076 2347 Corintho,
1098 2298 1143 2333 vt
1166 2293 1294 2334 docet
1305 2291 1455 2335 Strabo
1476 2291 1548 2333 hb.
1560 2304 1598 2344 7.
1609 2301 1654 2334 et
1664 2300 1700 2339 8.
1760 2289 1783 2335 ,ἶ

450 2356 555 2413 Ibid.
577 2368 608 2405 ς.
641 2353 726 2410 Trina
744 2355 1051 2412 Ποντοπορίαν.)
1092 2354 1340 2409 Legendum
1369 2355 1430 2398 est
1458 2355 1755 2411 Κοντοπορίων,[
1781 2406 1783 2411 ,

336 2422 393 2464 fic
411 2421 527 2462 enim
546 2420 776 2460 vocabatur
800 2419 885 2470 via,
906 2431 988 2472 qua
1010 2417 1217 2460 Corintho
1242 2418 1379 2460 ibatur
1399 2415 1572 2473 Argos(
1596 2413 1783 2476 Athe-3

334 2496 470 2528 naeus
489 2482 558 2525 lib.
579 2495 614 2524 2.
647 2480 891 2533 Πτολεμκῖος
911 2482 950 2523 δὲ
968 2481 989 2523 o‘
1016 2478 1201 2535 βασιλεὺς
1231 2485 1273 2525 ἐν
1304 2481 1472 2538 δευτέρῳ
1499 2473 1734 2536 oronnae}-

335 2565 427 2592 των.
459 2547 528 2589 ἐπὶ
548 2540 719 2601 Κορίνθια
747 2538 938 2600 προίγεσι
951 2576 962 2596 ,
985 2544 1132 2598 φησέν,
1166 2546 1256 2598 ἡμῖν
1287 2541 1349 2591 διαὶ
1373 2541 1443 2597 τ’ἧς
1466 2540 1736 2599 Κοντοπορίας
1784 2557 1786 2579 1

336 2609 556 2665 καιλεμένης
579 2615 658 2650 etc.
718 2606 938 2648 Pausanias
960 2606 1004 2647 in
1026 2604 1311 2648 Corinthiacis
1332 2605 1545 2660 duplicem
1555 2605 1614 2647 ait
1629 2602 1735 2647 fuis·
1783 2637 1786 2663 γ,

336 2674 382 2715 se
421 2672 534 2714 viam
572 2669 746 2711 Cleonis
775 2669 941 2722 Argos,
981 2668 1155 2710 alteram
1198 2670 1362 2711 homini
1394 2667 1594 2724 expedito
1636 2672 1786 2722 per-*

336 2735 557 2776 meabilem
596 2741 641 2774 et
679 2730 1046 2786 compendiosam,
1095 2732 1271 2778 alteram
1311 2731 1526 2786 angustam
1564 2729 1786 2786 quidem4

339 2798 497 2851 etiam,
531 2796 604 2837 sed
637 2794 833 2836 curribus
859 2802 904 2835 et
937 2796 1149 2849 carpentis
1184 2795 1396 2853 peruiam,
1429 2806 1536 2848 quae
1566 2790 1629 2838 διαὶ
1644 2809 1786 2850 τρη-

1687 2872 1733 2898 n
1752 2871 1778 2911 χ

1746 1517 1772 1556 ,ὲ
