1786 3126
1211 0 1228 13 ¹
1249 0 1339 34 saiwi
1435 0 1437 3 ’
1540 0 1786 40 “vrum-v<

324 183 410 240 &4
527 218 530 222 ,
758 184 1292 232 DEDICATIO

322 311 417 346 uata
440 296 585 347 seruat.
653 297 885 348 Prudentia
907 299 1091 367 denique
1109 299 1260 348 oculus
1288 296 1554 362 estmentis,
1583 307 1727 353 anima

320 368 543 435 politicae,
559 372 731 437 reginae
753 369 865 416 iliius
877 373 1076 417 omnium
1096 371 1376 418 humanarum
1389 365 1724 439 disciplinarum.

323 438 392 485 Ad
414 441 565 486 harum
589 442 720 506 igitur
742 444 954 505 vtriusque
980 436 1281 505 adeptionem,
1309 438 1531 489 historiam
1557 439 1620 490 sui
1641 443 1726 490 ssu-

321 504 464 554 diosos
486 512 645 555 mirum
669 522 876 574 quantum
898 506 1124 567 adiuuare,
1160 507 1464 558 excellentium
1495 507 1657 559 iudicio
1679 523 1723 559 et
1782 572 1784 574 v

320 594 465 623 rerum
487 574 558 624 vsu
588 581 782 624 virorum
810 577 1001 623 constans
1029 575 1196 643 semper
1213 575 1299 624 fuit
1322 575 1540 627 sententia.
1609 580 1719 627 Rara
1780 576 1781 579 ¹

320 651 507 694 omnino
528 660 569 693 et
587 645 712 712 plane
736 646 962 713 magnifica
983 645 1071 692 laus
1091 649 1194 693 haec
1217 645 1297 695 est:
1334 664 1431 695 vera
1449 661 1609 710 tamen,
1631 664 1722 696 no-

319 730 488 773 ΜῙΝΕ,
511 733 559 762 ac
582 713 720 762 debita
735 754 746 772 ‚
770 728 813 762 ct
837 732 944 781 quae
962 714 1071 762 nihil
1093 720 1319 782 quicquam
1351 718 1487 764 trahat
1520 734 1572 766 ex
1595 734 1721 772 vano-

315 785 486 850 Nempe
509 785 677 832 historia
699 788 919 832 ciuitatum
942 802 1258 852 regnorumque
1278 799 1420 846 ortuS,
1440 790 1718 845 incrementa,

315 853 639 910 conuerfioues,
680 867 802 919 atque
839 857 1032 900 interitus
1062 866 1400 911 commemorat3
1450 854 1718 922 populorum

314 921 468 977 ssatus,
501 922 598 969 alibi
630 940 733 988 pace
759 921 991 977 florentes,
1022 923 1119 971 alibi
1145 923 1259 971 bello
1286 921 1492 972 afflidos:
1527 923 1579 972 ad
1599 925 1717 982 haec,
1784 972 1786 974 .

314 1009 434 1057 reges
457 1006 498 1038 et
518 996 754 1057 principes,
786 990 919 1038 modo
942 1010 1126 1057 purpura
1146 997 1352 1048 nitentes,
1379 997 1424 1040 in
1445 991 1557 1041 sellis
1575 997 1714 1040 aureis

314 1057 513 1107 sublimes
528 1098 540 1117 ,
561 1059 785 1108 maiestatis
804 1058 900 1108 suae
918 1059 1090 1128 fulgore
1111 1060 1259 1108 oculos
1278 1061 1420 1128 palam
1443 1066 1714 1118 mirantium,

313 1128 425 1175 clam
447 1128 731 1175 inuidentium
751 1128 1135 1195 praestinguentss,
1168 1129 1351 1198 denique
1378 1129 1539 1197 superis
1566 1135 1714 1199 proxi·
1779 1134 1786 1172 ἐ

311 1214 426 1244 mos:
466 1196 603 1244 modo
617 1196 743 1263 pullis
759 1195 910 1245 misere
929 1200 1132 1256 amietos,
1146 1196 1261 1247 soliis
1283 1198 1551 1256 deturbatOS,
1571 1194 1713 1268 digni·
1784 1203 1786 1205 ’

300 1268 398 1314 'tate
434 1271 557 1314 omni
595 1265 797 1323 nudatos,
848 1284 993 1313 rerum
1031 1266 1509 1330 etiamfneceffariarum
1535 1270 1728 1338 egenos'„
1774 1275 1786 1316 ⁸.

307 1335 531 1402 postremo
555 1340 688 1383 cuiuis
708 1339 836 1383 etiam
849 1340 1115 1402 priuatorum
1136 1335 1408 1388 miserandos,
1442 1336 1516 1385 Est
1531 1342 1715 1406 quinar-

309 1421 396 1464 ret,
419 1405 520 1453 alibi
541 1419 663 1452 motu
688 1420 823 1453 terrae
842 1405 986 1452 hausta
1008 1403 1192 1473 oppida3
1224 1405 1324 1454 alibi
1343 1423 1547 1473 aquarum
1559 1425 1710 1474 repen-

307 1480 396 1521 tina
426 1474 708 1522 inundatione
739 1475 913 1532 obruta,
948 1488 1020 1522 aut
1050 1475 1201 1523 tellure
1227 1473 1468 1523 dehiscente
1491 1473 1709 1542 absorpta;

304 1540 454 1591 sediffe
473 1542 706 1592 immensos
728 1557 924 1599 monteS,
956 1542 1041 1591 visa
1068 1548 1114 1592 in
1139 1541 1298 1603 arduo,
1322 1562 1431 1612 quae
1459 1543 1584 1611 plana
1613 1542 1710 1593 suo·

303 1627 413 1663 rant.
480 1612 554 1660 Est
573 1618 645 1679 qui
670 1612 849 1670 referat,
868 1610 1062 1678 superbas
1086 1610 1233 1679 paullo
1252 1626 1350 1661 ante
1369 1613 1608 1661 incolarum
1618 1611 1708 1662 fre-

295 1686 479 1748 quentia
496 1686 765 1748 prouinciaS,
790 1679 950 1729 nedum
971 1682 1091 1730 vrbes
1105 1719 1118 1740 ‚
1139 1686 1262 1730 vnius
1280 1687 1475 1730 autumni
1495 1686 1704 1749 intempe-

303 1757 391 1807 rie,
418 1765 461 1799 et
483 1764 717 1818 paucorum
748 1751 915 1798 dierum
946 1769 999 1797 an
1029 1749 1237 1798 menfium
1270 1750 1546 1799 morbofitate
1574 1747 1703 1800 fuisse

302 1820 580 1874 vacuefac‘ias,
616 1821 717 1869 alibi
735 1819 867 1868 subita
887 1819 1131 1874 inuafione,
1152 1819 1252 1867 alibi
1276 1818 1440 1868 diutina
1462 1816 1703 1879 obfidione‘,

303 1895 494 1938 ciuitates
521 1905 713 1958 pereunt.
746 1892 817 1937 hic
838 1889 1036 1945 flamma,
1066 1888 1126 1935 ibi
1145 1886 1288 1946 ferro,
1318 1890 1540 1944 homines,
1568 1885 1700 1937 fami-

300 1958 408 2014 liae,
429 1965 625 2007 nationes
650 1960 847 2007 delentur
862 1972 986 2025 atque
1005 1956 1338 2023 exstinguuntur.
1384 1959 1628 2023 Septentrio
1650 1962 1698 2006 in

300 2027 553 2087 meridiem,
587 2028 783 2076 occidens
802 2033 848 2076 in
871 2032 1084 2076 orientem
1104 2025 1356 2076 infunditur.
1410 2024 1699 2082 Damascenus

298 2115 472 2144 amnem
494 2102 652 2145 Baetim
668 2135 680 2155 ,
710 2096 929 2144 Lusitanus
950 2098 1146 2162 Gangem
1167 2095 1286 2144 bibit.
1352 2093 1566 2162 Hispanus
1597 2095 1698 2144 alte4

295 2184 394 2214 rum
415 2167 563 2214 orbem
586 2171 731 2231 aperit,
766 2167 825 2214 ess
850 2167 918 2214 vbi
946 2183 1060 2212 noua
1090 2162 1263 2231 surgunt
1293 2169 1499 2231 imperia;
1543 2162 1603 2212 est
1624 2165 1695 2214 vbi
1763 2193 1766 2195 Δ

295 2241 467 2302 antiqua
494 2248 566 2282 aut
597 2241 642 2282 in
672 2232 757 2282 sese
779 2234 896 2282 mole
915 2231 983 2280 sua
1011 2247 1217 2282 corruunt
1232 2273 1245 2292 ‚
1277 2249 1348 2281 aut
1368 2233 1506 2282 aliena
1525 2239 1567 2281 vi
1588 2251 1694 2282 con·

296 2303 457 2352 cidunt.
490 2304 601 2361 dies,
636 2305 766 2361 hora,
792 2316 1089 2359 momentum,
1117 2302 1355 2350 euertendis
1382 2300 1691 2351 dominationi-

293 2373 371 2423 bus
400 2372 572 2434 sufficit,
599 2391 715 2438 ¹quae
745 2371 1026 2419 adamantinis
1064 2370 1342 2420 credebantur
1369 2371 1576 2420 radicibus
1604 2369 1690 2420 effe

292 2442 510 2495 fundatae.
560 2441 663 2509 quid
693 2440 852 2490 multa?
906 2440 1205 2489 huiuscemodi
1235 2439 1439 2490 fortunae
1470 2445 1687 2489 varietates

294 2519 435 2560 omnis
456 2517 653 2559 onmium
673 2516 893 2578 gentium,
932 2529 1014 2577 qua
1047 2524 1187 2565 vetus,
1223 2529 1305 2576 qua
1331 2527 1474 2558 recens
1496 2510 1686 2576 loquitur

291 2581 494 2639 historia3
542 2583 749 2629 humanae
776 2578 1058 2637 conditionis,
1091 2581 1176 2626 hoc
1207 2578 1290 2638 est,
1319 2577 1557 2646 fragilitatis
1589 2577 1684 2644 plus

290 2669 419 2721 quam
446 2657 625 2709 vitreae‘,
648 2649 760 2697 testis
781 2648 942 2706 fidelis3
978 2663 1019 2696 et
1033 2653 1141 2696 vitae
1154 2650 1405 2706 hominum,
1423 2661 1489 2697 tot
1511 2647 1683 2702 cafibus,

287 2734 395 2786 quot
419 2721 630 2767 erroribus
652 2719 887 2775 obnoxiae,
921 2722 1067 2784 imago
1093 2736 1201 2764 ver-a,
1266 2719 1371 2764 Non
1389 2715 1484 2764 sunt
1503 2714 1576 2764 issa
1596 2716 1681 2763 Dei

289 2789 544 2839 immortalis
564 2806 720 2857 opem,
748 2804 859 2856 quae
884 2791 930 2834 in
960 2787 1270 2853 gubernatione
1295 2788 1418 2835 huius
1438 2782 1681 2832 vniuerfita·

1631 2869 1683 2898 us
