1786 3126
287 119 370 178 366
657 120 901 171 ΥδΑΑΟΙ,
931 124 1317 172 GA‘SAVBONI

290 237 458 291 lumb83
489 237 595 294 ’Equi
615 242 647 286 δ’
655 243 904 300 Ἀνακρέοντι
925 241 1097 288 Amnon&
1122 241 1309 288 τοο-αὗται.
1370 238 1458 299 Ka}
1470 239 1688 300 ffivsdpij'c,

288 300 638 356 ἐκείνιςἘτιςολοές
656 305 809 364 κομίζω.
844 307 914 349 sed
937 307 1089 350 filentii
1111 307 1284 348 Aeneae
1298 305 1438 360 „haec
1456 305 1542 347 fine
1552 306 1687 348 dubio

290 364 427 407 cauffa
447 367 529 417 est;
562 370 762 424 quoniam
785 371 827 411 in
858 371 983 412 rebus
1015 370 1132 411 seriis
1165 383 1295 424 opera
1326 367 1615 410 columbarum
1636 367 1689 409 ad

290 429 469 472 nuntios
481 429 738 474 deferendos
752 447 876 475 nemo
889 433 1025 474 adhuc
1039 432 1298 503 temporibus
1313 431 1400 472 illis
1417 430 1556 473 fuerat
1569 430 1690 472 vsus:

282 490 334 536 id
356 504 536 548 namque
553 494 765 537 obsidione
785 495 1010 537 Mutinensi
1038 496 1219 550 primum
1244 493 1325 535 esse
1352 493 1533 546 fartum,
1559 491 1691 535 etiam'

289 551 477 608 Plinius,
499 545 620 599 tanto
641 558 782 599 iunior
802 558 971 609 Aenea,
1001 558 1195 600 credidit.
1248 565 1372 600 antea
1399 556 1443 597 in
1471 555 1692 598 amatoriis

287 614 435 658 saltem
448 627 493 660 et
513 618 690 663 ludicris
702 620 891 675 epistolis
914 621 1076 676 saepius
1088 622 1195 662 idem
1211 618 1439 672 fafititass‘ffi
1464 632 1545 674 qua
1555 616 1692 660 Grae·

289 691 366 720 cos
382 712 393 731 ‚
416 693 499 735 qua
522 682 737 725 Romanos
759 691 878 725 certo
900 684 1078 725 constat.
1139 682 1354 738 Exemplo
1383 682 1572 724 Mutinae
1596 680 1689 722 edi-

289 748 338 784 to
358 741 506 785 fimilia
526 745 828 800 posterioribus
849 747 1105 801 temporibus
1128 747 1242 788 edita
1265 746 1362 788 sunt
1385 744 1524 787 vbiuis
1555 754 1688 786 terra-

263 827 267 835 ,
287 816 396 848 rum.
430 806 474 848 in
493 808 657 850 oriente
677 822 804 856 vero,
823 817 865 850 et
888 810 992 850 olim
1012 817 1056 851 et
1086 822 1200 851 nunc
1227 805 1506 862 vulgatiffima
1526 821 1595 848 res
1617 806 1691 860 est,

288 867 508 912 columbas
520 870 580 912 ad
601 872 812 913 eiusmodi
834 870 934 912 iufl'a
960 879 1125 926 paratas
1146 871 1311 913 habere.
1373 869 1540 925 Legant
1559 873 1597 914 οἱ
1618 873 1693 922 φι-

286 928 560 986 λομαθῖσντες,
581 933 610 975 fi
632 933 768 988 lubet,
789 948 894 991 quae
916 935 1038 990 super
1057 935 1141 977 hoc
1162 935 1279 978 notis
1298 933 1380 975 suis
1398 933 1447 974 ab
1464 932 1692 987 sphaeram
1739 984 1745 994 χ

287 992 545 1036 barbaricam
568 995 729 1039 Manilii
753 997 937 1051 scripsit,
972 998 1104 1040 decus
1123 997 1231 1039 illud
1251 1004 1469 1038 aeternum
1491 996 1586 1037 aeui
1617 995 1693 1049 sui,

288 1068 589 1099 IOSEPHVS
624 1071 957 1110 εσΛιῐῦεκς
999 1060 1156 1102 viraut
1181 1059 1309 1102 heros
1331 1060 1505 1130 potiuse,
1533 1066 1578 1100 et
1599 1058 1693 1112 qui-

290 1117 390 1159 dem
412 1119 541 1160 heroe
563 1134 720 1175 magno
740 1122 877 1172 satus,
917 1122 962 1163 in
990 1130 1155 1165 tantum
1188 1123 1447 1175 laudandus,
1478 1122 1523 1163 in
1557 1134 1692 1176 quan-

288 1187 380 1223 tum
401 1182 539 1225 virtus
561 1190 603 1226 et
625 1184 826 1226 meliores
847 1184 996 1226 literae
1017 1184 1185 1240 pofi'unt
1211 1184 1410 1240 intelligi.
1444 1198 1620 1239 quarum
1641 1184 1696 1227 il·-
1770 1186 1776 1200 '

287 1243 328 1287 le
351 1241 539 1298 δαιμόνιος
558 1243 655 1303 &wip
674 1247 1031 1302 magnitudinem,
1061 1249 1405 1303 amplitudinem,
1433 1247 1693 1303 maiestatem

289 1308 474 1363 denique
496 1324 631 1366 paene
657 1310 791 1363 solus,
825 1308 953 1366 quum
979 1310 1121 1352 animo
1143 1311 1321 1364 viderit,
1351 1311 1528 1364 ingenio
1559 1309 1693 1351 fuerit

289 1372 566 1426 complexus,
587 1373 731 1415 diuina
754 1382 796 1415 et
821 1373 905 1416 fine
924 1374 1121 1429 exemplo
1144 1372 1260 1414 felici
1281 1373 1502 1427 industria,
1533 1385 1610 1428 per
1622 1380 1691 1414 to-

289 1442 381 1476 tum
402 1435 512 1477 vitae
530 1435 789 1478 curriculum
811 1437 917 1478 bene
932 1438 983 1477 de
1001 1437 1055 1479 iis
1078 1436 1230 1478 mereri
1253 1432 1483 1491 nquuam
1496 1433 1693 1485 cefl'auit3

288 1505 489 1552 quantam
510 1499 555 1541 in
586 1513 750 1553 nupero
781 1500 875 1542 eius
909 1499 1029 1541 obitu
1057 1499 1297 1554 respublica
1327 1498 1515 1541 literaria
1541 1497 1692 1541 fecerit

286 1558 515 1612 izi-sturmi,
536 1572 739 1616 quantum
762 1571 804 1603 et
824 1576 947 1617 quam
979 1559 1167 1617 οἶνήκεςοο
1191 1562 1345 1604 vulnus
1371 1563 1606 1617 acceperit3
1639 1575 1692 1602 o-

286 1635 408 1665 mnes
438 1624 688 1678 intelligunt
707 1626 896 1677 eruditi,
926 1626 971 1668 in
999 1637 1179 1679 quorum
1210 1622 1455 1678 pthoribus
1484 1624 1692 1679 probitas,

288 1687 475 1737 candor,
509 1683 758 1742 φιλαλήθειοι
790 1696 834 1730 et
858 1694 1008 1741 gratus
1042 1687 1230 1739 animus,
1264 1687 1414 1740 nimis,
1458 1686 1512 1727 ah
1543 1687 1690 1741 nimis,

287 1761 406 1791 rarae
455 1750 538 1792 hoc
591 1749 757 1792 saeculo
812 1751 1017 1802 virtutes,
1068 1748 1285 1798 habitant;
1336 1755 1455 1791 certe
1507 1761 1691 1804 quorum

288 1819 452 1853 mentes
486 1827 511 1856 a
542 1814 722 1855 rationis
759 1813 855 1864 vsu,
895 1824 1021 1868 atque
1054 1813 1162 1854 adeo
1194 1811 1315 1853 sensu
1350 1812 1565 1855 communi
1609 1811 1690 1857 ὁτὲ
1741 1844 1745 1846 -

284 1874 491 1930 θηριωδίκς
522 1878 593 1931 ’mei
635 1872 905 1930 θεοβλαβείας
937 1889 1026 1917 non
1047 1881 1319 1916 exaruerunt.
1381 1873 1496 1927 Nos,
1528 1875 1600 1930 qui
1624 1876 1690 1917 vi-

282 1950 386 1979 uum
421 1939 511 1992 pari
544 1939 703 1996 semper
734 1939 949 1995 prosecuti
982 1938 1258 1979 veneratione
1293 1936 1438 1979 sumus
1482 1947 1524 1983 et
1558 1938 1692 1994 pieta-

285 2000 342 2040 tis
387 1999 564 2053 affeetu,
607 2013 734 2056 atque
777 2002 983 2058 optimum
1024 2008 1242 2058 parentem
1274 1999 1485 2052 nostrum,
1529 2000 1689 2056 quique

285 2061 431 2104 literas
467 2061 658 2111 ἐκπαθῶς
690 2077 902 2115 amamus3
945 2077 1082 2119 neque
1125 2060 1370 2104 acerbiffimi
1406 2062 1531 2104 nobis
1569 2063 1769 2118 casusgs'i

284 2126 497 2168 recordari
523 2126 608 2168 fine
637 2126 902 2168 moestiffimo
933 2127 1123 2181 gemitu,
1159 2123 1245 2166 fine
1278 2125 1528 2178 aegerrimis
1559 2125 1689 2182 suspi-

283 2187 384 2243 riis,
416 2187 501 2232 fine
534 2188 820 2244 profufiffimis
854 2189 1061 2245 lacrymis
1095 2186 1332 2244 possumus:
1373 2201 1513 2244 neque
1557 2201 1689 2245 porro
1726 2194 1761 2233 «15

285 2263 467 2294 auocare
499 2252 686 2294 animum
719 2252 768 2292 ab
802 2252 892 2293 eius
925 2252 1149 2305 memoria,
1191 2258 1236 2292 et
1276 2251 1483 2298 acerrimo
1525 2249 1689 2294 doloris

285 2313 415 2356 huius
450 2314 592 2368 sensu,
629 2315 831 2356 valemus.
895 2315 1024 2364 Quod
1055 2315 1189 2369 igitur
1215 2326 1344 2355 vnum
1378 2312 1575 2368 superest,
1606 2314 1687 2356 do-

284 2376 421 2419 lorem
456 2377 641 2420 nostrum
674 2387 718 2419 et
762 2375 923 2419 lustum
965 2375 1125 2430 ἔφατον
1166 2376 1466 2419 recordatione
1507 2376 1689 2419 virtutis,

284 2450 328 2482 et
359 2440 634 2495 praestantiae
667 2438 715 2484 rii
746 2438 810 2483 νῦν
841 2440 1036 2497 μακαρίτε
1071 2440 1263 2483 solamur.
1325 2438 1473 2494 Atque
1515 2438 1561 2482 in
1602 2437 1683 2480 hae

286 2503 552 2559 cogitatione
597 2516 725 2560 quum
770 2500 949 2544 effemus
981 2516 1119 2558 nuper
1151 2502 1260 2555 toti,
1304 2514 1475 2544 carmen
1505 2507 1683 2556 repente

283 2565 537 2619 effudimus,
572 2566 684 2622 quod
720 2565 878 2621 placuit
909 2564 1018 2608 infra
1058 2565 1285 2619 subiicere,
1326 2564 1472 2620 aequis
1510 2561 1683 2605 lestori-
1753 2599 1755 2603 Α

283 2629 362 2670 bus
398 2600 647 2683 proseliione
679 2627 854 2686 pietatis
887 2641 991 2685 erga
1023 2626 1214 2679 defunsti
1254 2637 1428 2683 manes,
1469 2632 1526 2674 vt
1546 2624 1683 2684 spero,

280 2691 578 2737 excusandum.

1567 2813 1686 2857 ΕΙΣ
