1786 3126
10 0 45 178 J
188 200 190 203 r
559 132 1108 181 eAsAvaozut.
1443 137 1532 195 ⁶47

11 183 17 203 l

75 264 102 290 ⁴¹
118 254 274 302 inerint
301 248 397 299 sunt
419 255 537 300 enim
550 250 623 299 illa
641 247 729 318 ipsa
752 249 844 297 loca
862 247 1110 304 laudabilia,
1129 266 1238 314 quae
1260 254 1340 298 viri
1361 250 1530 312 eruditi,

135 316 245 371 iuss'u
268 324 533 387 imperatoris
551 319 820 368 Constantini
841 316 1160 385 excerpserunt,
1181 334 1223 368 vt
1237 319 1363 367 titulo
1384 327 1526 386 operis

34 393 53 445 l
96 409 97 413 ¹
128 393 247 440 ‘noui
284 406 443 438 xxvm.
474 388 675 455 exemplis
710 388 974 454 legationum
1005 386 1238 443 destinato,
1289 388 1530 438 insererent.

134 460 244 574 QLis
262 455 356 506 satis
375 476 456 526 pro
467 463 529 507 rei
547 455 842 526 magnitudine·
856 459 1063 504 iacturam
1084 461 1193 504 lianc
1203 472 1327 523 queat
1348 456 1528 507 deflere?

135 527 193 576 ha
222 527 428 593 entiquod
447 526 647 584 doleant,
674 531 747 591 qui
777 525 917 574 literas
948 526 1126 572 Graecas
1142 539 1307 584 amant,
1337 539 1422 573 tam
1454 528 1530 575 bo·
1552 531 1561 537 ’

135 614 243 643 num
277 600 367 644 eius
404 595 572 664 linguae
601 597 819 644 auctorem
849 608 937 641 tam
970 592 1082 641 male
1122 589 1248 641 fuisse
1293 597 1529 661 nesapium.

13 676 20 681 ”
135 665 310 713 Habent
326 663 524 712 historiae
545 666 764 712 Romanae
783 677 1016 720 amatores,
1042 677 1131 709 tam
1150 678 1391 710 accuratum
1418 663 1529 710 illius

11 683 42 793 l
133 730 382 800 scriptorem
410 729 573 788 tantum
600 732 843 793 detrimenti
872 729 955 779 effe
994 728 1175 793 passum,
1243 733 1418 780 Habent
1455 738 1529 797 qui

134 819 204 851 res
225 805 413 864 Syriacas
441 817 483 851 et
510 799 639 851 totius
667 799 878 862 Orientis,
910 818 1062 868 regum
1083 798 1379 858 successiones,
1411 800 1530 848 defe-

134 872 301 920 (tiones
329 869 607 937 satraparum,
641 865 749 918 bella
780 871 832 917 ab
850 871 1074 917 Antiochis
1099 883 1142 917 et
1175 869 1427 917 Ptolemaeis
1457 888 1529 936 ge-

132 940 192 988 ssa
205 977 218 996 ,
238 938 474 988 multorum
491 944 594 987 item
608 934 887 987 aliortur'i'fiue
898 943 1144 1005 principum
1156 979 1170 1000 ‚
1187 937 1272 985 fiue
1291 943 1528 987 ciuitatium

133 1026 224 1063 τος,
238 1000 376 1056 'hodie
393 1005 529 1056 sciunt
546 1013 710 1055 maiore
729 1022 919 1074 exparte
939 1012 1142 1074 ignorari.
1210 1009 1380 1054 Habent
1397 1023 1528 1055 etzam

134 1075 226 1134 illi,
246 1081 320 1144 qui
340 1082 385 1125 in
401 1076 670 1125 ecclefiaslica
696 1076 868 1124 historia
892 1076 1259 1124 Maccabaicorum
1282 1090 1528 1142 temporum

132 1147 250 1195 rede
267 1145 468 1212 capienda
481 1187 495 1207 ,
514 1159 718 1206 quantum
734 1145 782 1193 fit
802 1144 933 1191 hodie
946 1143 1200 1191 difficultatis
1221 1161 1273 1191 ex
1292 1149 1437 1209 inopia
1459 1162 1528 1191 ve·

131 1223 272 1263 terum
291 1214 619 1271 historicorum,
648 1231 740 1261 non
767 1211 983 1260 nesciunt:
1028 1226 1070 1259 et
1099 1226 1308 1278 quantum
1334 1211 1396 1260 illi
1423 1212 1528 1271 lucis

131 1282 304 1345 Polybii
331 1282 532 1340 historia,
565 1283 599 1330 st
623 1287 785 1348 integra
817 1280 1001 1336 extaret,
1034 1278 1148 1327 for'et
1171 1281 1439 1338 allaturasex
1463 1287 1527 1341 iis,

133 1350 242 1417 qua'e
264 1349 482 1418 supersunt
501 1350 641 1398 facere
662 1351 952 1398 coniecturam
980 1346 1156 1396 scibunt.
1222 1352 1436 1397 Omnium
1459 1368 1529 1397 ve-

136 1437 188 1468 ro
212 1425 396 1467 maxime
413 1418 723 1486 quoddoleant
751 1418 935 1469 habent.
955 1415 958 1419 ⁴
979 1422 1052 1482 qui
1093 1416 1205 1484 gesta
1234 1424 1448 1466 maiorum
1473 1437 1528 1467 eo

135 1493 283 1536 animo
302 1487 475 1555 legunt,
507 1502 552 1535 vt
575 1486 628 1535 ad
647 1492 756 1535 vitae
774 1485 895 1534 vsum
922 1485 993 1533 illa
1027 1485 1238 1546 referant3
1271 1492 1429 1551 quique
1451 1486 1529 1535 do-

124 1559 299 1605 ·Clrinae
316 1556 452 1604 ciuilis
474 1570 516 1604 et
540 1556 713 1619 bellicae
740 1553 891 1603 seriam
924 1559 1217 1621 cognitionem
1238 1555 1531 1623 praestantissi-

136 1642 260 1673 mum
283 1624 482 1681 historiae
510 1619 712 1692 legendae
734 1622 924 1672 fructum
949 1638 1123 1689 putant:
1155 1642 1293 1689 neque
1322 1622 1531 1680 nesciunt,

134 1691 218 1742 suis
239 1691 504 1758 potiffimum
527 1693 772 1740 vtilitatibus
799 1697 1004 1741 eximium
1023 1694 1137 1740 hunc
1165 1706 1207 1740 et
1231 1693 1532 1748 πολιτικώτα.

137 1785 210 1816 τον
230 1759 478 1830 scriptorem
508 1759 626 1810 inisse
657 1759 910 1810 consultum.
946 1810 950 1813 ,
975 1767 1042 1810 At
1072 1767 1295 1815 enimuero
1326 1767 1391 1808 cui
1412 1764 1529 1808 bono

136 1828 279 1879 amissa
308 1831 492 1887 deflere,
542 1829 622 1878 nisi
651 1849 803 1878 eorum
834 1829 1044 1884 desiderio
1073 1835 1309 1887 excitentur
1337 1828 1530 1897 generofi

135 1898 439 1955 adolescentes,
457 1913 501 1946 vt
524 1914 643 1948 tanto
668 1898 934 1966 diligentius,
957 1917 1064 1965 qnae
1077 1898 1228 1946 restant
1242 1937 1253 1956 ,
1274 1899 1407 1946 velint
1429 1917 1530 1966 cog-

101 2007 109 2014 .
134 1967 333 2027 noscere,
359 1983 402 2017 et
422 1970 506 2016 hoc
526 1971 610 2017 Dei
630 1969 841 2017 beneficio
867 1967 1057 2034 perfrui?
1100 1966 1287 2015 definant
1317 1973 1446 2035 igitur
1468 1973 1530 2013 in-

111 2083 114 2086 .
135 2037 305 2086 utilium
322 2037 590 2104 querelarum
610 2055 733 2084 verae
752 2035 970 2085 doc'lrinae
990 2035 1199 2084 candidati
1213 2075 1226 2094 ,
1248 2051 1289 2084 et
1303 2037 1531 2098 Polybium

137 2120 266 2170 quem
282 2124 398 2154 nunc
422 2106 625 2162 maiestati
654 2120 776 2164 tuae,
805 2123 1053 2162 DOMINE,
1082 2102 1333 2165 offerimus3
1368 2124 1458 2152 non
1478 2103 1529 2151 il-

138 2173 231 2220 lum
247 2173 418 2240 quidem
437 2180 646 2241 integrum
661 2213 672 2234 ,
698 2173 768 2226 sed
790 2174 955 2240 qualem
979 2190 1123 2221 tamen
1141 2192 1274 2222 nemo
1301 2173 1437 2221 adhuc
1467 2177 1530 2219 vi-

141 2240 230 2299 dit,
247 2248 351 2308 grati
371 2249 604 2310 excipiant:
639 2240 841 2311 quodque
860 2255 954 2309 pars
966 2242 1073 2304 adeo
1095 2243 1303 2290 luculenta
1324 2241 1530 2290 excellen-

138 2309 284 2358 tiffimi
303 2313 427 2358 huius
445 2315 626 2360 auctoris
647 2311 871 2379 naufragio
891 2310 942 2359 fit
964 2326 1107 2376 erepta
1120 2349 1134 2370 ,
1157 2330 1210 2360 eo
1230 2316 1408 2363 nomine
1428 2325 1529 2374 gau-

138 2376 290 2436 deant,
311 2393 353 2426 et
370 2375 560 2444 publicae
578 2385 641 2441 τεὶ-
659 2377 865 2433 literariae
892 2379 1167 2447 gratulentur.
1218 2383 1324 2433 ,Nos
1355 2379 1529 2444 quidem

138 2460 275 2494 totam
294 2447 460 2508 Polybii
483 2448 700 2507 historiam
721 2467 810 2498 non
829 2448 1003 2510 damus,
1039 2446 1110 2494 sed
1139 2447 1206 2495 vel
1235 2453 1280 2494 in
1314 2449 1530 2493 tota-emi·

140 2517 322 2570 nebant,
355 2534 403 2562 ea
438 2515 526 2563 fine
555 2517 686 2564 dubio
713 2515 872 2564 damus.
916 2572 919 2575 ‚
951 2514 1007 2564 Et
1034 2515 1223 2564 formam
1245 2514 1418 2581 quidem
1439 2517 1532 2561 vni·

139 2582 282 2632 uersae
301 2582 539 2650 scriptionis
552 2623 564 2642 ,
586 2576 807 2651 ipsumque
827 2584 933 2632 adeo
954 2587 1136 2634 auctoris
1155 2587 1326 2650 genium
1339 2622 1352 2643 ,
1385 2602 1418 2634 e·
1443 2587 1530 2649 pri-

95 2653 100 2663 '
140 2671 210 2700 ma
241 2652 406 2700 noslrae
425 2652 622 2701 editionis
642 2667 784 2719 parte,
814 2672 922 2723 quae
953 2659 1116 2719 integra
1147 2666 1187 2697 et
1214 2651 1301 2698 fine
1330 2647 1533 2711 imminu·

145 2726 265 2770 tione
294 2721 377 2769 vlla
407 2721 584 2771 notabili
610 2721 663 2768 ad
680 2739 760 2769 nos
779 2727 997 2788 peruenit,
1023 2721 1120 2768 licet
1139 2718 1354 2788 hodieque
1368 2737 1534 2787 >cogno-

377 2790 381 2794 ’
931 2793 957 2835 S
971 2807 987 2835 s
1022 2809 1048 2849 4
1406 2787 1531 2835 scere.
