<?xml version="1.0" encoding="UTF-8"?>
<!DOCTYPE html PUBLIC "-//W3C//DTD XHTML 1.0 Transitional//EN"
    "http://www.w3.org/TR/xhtml1/DTD/xhtml1-transitional.dtd">
<html xmlns="http://www.w3.org/1999/xhtml" xml:lang="en" lang="en">
 <head>
  <title>
</title>
<meta http-equiv="Content-Type" content="text/html;charset=utf-8" />
  <meta name='ocr-system' content='tesseract 3.04.00' />
  <meta name='ocr-capabilities' content='ocr_page ocr_carea ocr_par ocr_line ocrx_word'/>
</head>
<body>
  <div class='ocr_page' id='page_1' title='image "./historiarumquaes03polyuoft_0174.png"; bbox 0 0 1786 3126; ppageno 0'>
   <div class='ocr_carea' id='block_1_1' title="bbox 292 137 1272 205">
    <p class='ocr_par' dir='ltr' id='par_1_1' title="bbox 292 137 1272 205">
     <span class='ocr_line' id='line_1_1' title="bbox 292 137 1272 205; baseline -0.004 -18"><span class='ocrx_word' id='word_1_1' title='bbox 292 139 371 192; x_wconf 80' lang='lat'>168</span> <span class='ocrx_word' id='word_1_2' title='bbox 482 201 490 205; x_wconf 12' lang='grc' dir='ltr'>ἣ</span> <span class='ocrx_word' id='word_1_3' title='bbox 698 137 981 196; x_wconf 52' lang='lat' dir='ltr'>vanem</span> <span class='ocrx_word' id='word_1_4' title='bbox 1039 139 1272 190; x_wconf 60' lang='lat' dir='ltr'>no‘rmz</span> 
     </span>
    </p>
   </div>
   <div class='ocr_carea' id='block_1_2' title="bbox 289 255 1769 1573">
    <p class='ocr_par' dir='ltr' id='par_1_2' title="bbox 289 255 1702 755">
     <span class='ocr_line' id='line_1_2' title="bbox 289 255 1698 313; baseline -0.001 -12"><span class='ocrx_word' id='word_1_5' title='bbox 289 257 350 311; x_wconf 55' lang='lat' dir='ltr'>ait</span> <span class='ocrx_word' id='word_1_6' title='bbox 371 255 569 302; x_wconf 55' lang='lat' dir='ltr'>&lt;Iustinus</span> <span class='ocrx_word' id='word_1_7' title='bbox 595 255 641 300; x_wconf 89' lang='lat' dir='ltr'>in</span> <span class='ocrx_word' id='word_1_8' title='bbox 673 256 742 299; x_wconf 90' lang='lat' dir='ltr'>lib.</span> <span class='ocrx_word' id='word_1_9' title='bbox 776 262 835 301; x_wconf 78' lang='lat'>26.</span> <span class='ocrx_word' id='word_1_10' title='bbox 902 257 969 302; x_wconf 72' lang='lat' dir='ltr'>Ex</span> <span class='ocrx_word' id='word_1_11' title='bbox 999 257 1077 300; x_wconf 85' lang='lat' dir='ltr'>hac</span> <span class='ocrx_word' id='word_1_12' title='bbox 1119 259 1254 313; x_wconf 84' lang='lat' dir='ltr'>igitur</span> <span class='ocrx_word' id='word_1_13' title='bbox 1288 257 1518 312; x_wconf 80' lang='lat' dir='ltr'>Beronice‚</span> <span class='ocrx_word' id='word_1_14' title='bbox 1545 257 1698 313; x_wconf 74' lang='lat' dir='ltr'>Magne</span> 
     </span>
     <span class='ocr_line' id='line_1_3' title="bbox 290 319 1698 377; baseline -0.001 -12"><span class='ocrx_word' id='word_1_15' title='bbox 290 319 404 374; x_wconf 62' lang='lat' dir='ltr'>filia,</span> <span class='ocrx_word' id='word_1_16' title='bbox 428 330 472 363; x_wconf 85' lang='lat' dir='ltr'>et</span> <span class='ocrx_word' id='word_1_17' title='bbox 492 319 739 363; x_wconf 80' lang='lat' dir='ltr'>Ptolemaeo</span> <span class='ocrx_word' id='word_1_18' title='bbox 762 320 982 376; x_wconf 84' lang='lat' dir='ltr'>Epiphane</span> <span class='ocrx_word' id='word_1_19' title='bbox 1003 330 1122 364; x_wconf 83' lang='lat' dir='ltr'>ortus</span> <span class='ocrx_word' id='word_1_20' title='bbox 1140 321 1197 364; x_wconf 85' lang='lat' dir='ltr'>est</span> <span class='ocrx_word' id='word_1_21' title='bbox 1224 321 1364 362; x_wconf 86' lang='lat' dir='ltr'>minor</span> <span class='ocrx_word' id='word_1_22' title='bbox 1394 321 1543 375; x_wconf 61' lang='lat' dir='ltr'>Magae,</span> <span class='ocrx_word' id='word_1_23' title='bbox 1570 336 1698 377; x_wconf 86' lang='lat' dir='ltr'>quem</span> 
     </span>
     <span class='ocr_line' id='line_1_4' title="bbox 293 382 1698 438; baseline -0.002 -9"><span class='ocrx_word' id='word_1_24' title='bbox 293 382 540 438; x_wconf 72' lang='lat' dir='ltr'>Philopator</span> <span class='ocrx_word' id='word_1_25' title='bbox 565 382 636 425; x_wconf 82' lang='lat' dir='ltr'>sub</span> <span class='ocrx_word' id='word_1_26' title='bbox 660 383 779 425; x_wconf 85' lang='lat' dir='ltr'>initia</span> <span class='ocrx_word' id='word_1_27' title='bbox 798 384 921 437; x_wconf 83' lang='lat' dir='ltr'>regni</span> <span class='ocrx_word' id='word_1_28' title='bbox 945 396 1028 425; x_wconf 86' lang='lat' dir='ltr'>vna</span> <span class='ocrx_word' id='word_1_29' title='bbox 1047 398 1144 426; x_wconf 87' lang='lat' dir='ltr'>cum</span> <span class='ocrx_word' id='word_1_30' title='bbox 1166 384 1372 429; x_wconf 80' lang='lat' dir='ltr'>Berenice</span> <span class='ocrx_word' id='word_1_31' title='bbox 1403 393 1535 432; x_wconf 82' lang='lat' dir='ltr'>matre</span> <span class='ocrx_word' id='word_1_32' title='bbox 1565 385 1698 426; x_wconf 81' lang='lat' dir='ltr'>inter·-</span> 
     </span>
     <span class='ocr_line' id='line_1_5' title="bbox 289 444 1700 501; baseline 0.001 -14"><span class='ocrx_word' id='word_1_33' title='bbox 289 444 395 490; x_wconf 79' lang='lat' dir='ltr'>fecit</span> <span class='ocrx_word' id='word_1_34' title='bbox 417 444 647 490; x_wconf 81' lang='lat' dir='ltr'>ministerio</span> <span class='ocrx_word' id='word_1_35' title='bbox 666 454 710 489; x_wconf 89' lang='lat' dir='ltr'>et</span> <span class='ocrx_word' id='word_1_36' title='bbox 732 459 861 500; x_wconf 83' lang='lat' dir='ltr'>opera</span> <span class='ocrx_word' id='word_1_37' title='bbox 883 445 1031 488; x_wconf 83' lang='lat' dir='ltr'>Sofibii</span> <span class='ocrx_word' id='word_1_38' title='bbox 1045 480 1056 498; x_wconf 86' lang='lat'>‚</span> <span class='ocrx_word' id='word_1_39' title='bbox 1087 447 1443 501; x_wconf 86' lang='lat' dir='ltr'>quemadmodum</span> <span class='ocrx_word' id='word_1_40' title='bbox 1469 445 1602 489; x_wconf 82' lang='lat' dir='ltr'>refert</span> <span class='ocrx_word' id='word_1_41' title='bbox 1622 449 1700 491; x_wconf 42' lang='lat' dir='ltr'>Poe</span> 
     </span>
     <span class='ocr_line' id='line_1_6' title="bbox 289 508 1700 565; baseline 0 -15"><span class='ocrx_word' id='word_1_42' title='bbox 289 509 435 565; x_wconf 88' lang='lat' dir='ltr'>lybius</span> <span class='ocrx_word' id='word_1_43' title='bbox 466 509 536 552; x_wconf 90' lang='lat' dir='ltr'>lib</span> <span class='ocrx_word' id='word_1_44' title='bbox 569 521 614 552; x_wconf 82' lang='lat' dir='ltr'>v.</span> <span class='ocrx_word' id='word_1_45' title='bbox 648 517 691 551; x_wconf 87' lang='lat' dir='ltr'>et</span> <span class='ocrx_word' id='word_1_46' title='bbox 725 508 975 552; x_wconf 82' lang='lat' dir='ltr'>Plutarchus</span> <span class='ocrx_word' id='word_1_47' title='bbox 1009 511 1051 550; x_wconf 89' lang='lat' dir='ltr'>in</span> <span class='ocrx_word' id='word_1_48' title='bbox 1082 510 1332 552; x_wconf 87' lang='lat' dir='ltr'>Cleomene.</span> <span class='ocrx_word' id='word_1_49' title='bbox 1402 509 1619 555; x_wconf 81' lang='lat' dir='ltr'>Zenobius</span> <span class='ocrx_word' id='word_1_50' title='bbox 1653 510 1700 553; x_wconf 83' lang='lat' dir='ltr'>in</span> 
     </span>
     <span class='ocr_line' id='line_1_7' title="bbox 292 567 1700 628; baseline 0 -13"><span class='ocrx_word' id='word_1_51' title='bbox 292 572 472 627; x_wconf 77' lang='lat' dir='ltr'>adagio,</span> <span class='ocrx_word' id='word_1_52' title='bbox 496 567 645 616; x_wconf 72' lang='lat' dir='ltr'>chao</span> <span class='ocrx_word' id='word_1_53' title='bbox 664 569 732 615; x_wconf 72' lang='grc' dir='ltr'>τὸν</span> <span class='ocrx_word' id='word_1_54' title='bbox 757 572 920 621; x_wconf 55' lang='lat' dir='ltr'>masau,</span> <span class='ocrx_word' id='word_1_55' title='bbox 954 587 975 612; x_wconf 82' lang='lat' dir='ltr'>a</span> <span class='ocrx_word' id='word_1_56' title='bbox 1000 572 1037 615; x_wconf 87' lang='lat' dir='ltr'>&#39;l</span> <span class='ocrx_word' id='word_1_57' title='bbox 1042 572 1186 628; x_wconf 85' lang='lat' dir='ltr'>heogo</span> <span class='ocrx_word' id='word_1_58' title='bbox 1210 573 1393 626; x_wconf 85' lang='lat' dir='ltr'>quodam</span> <span class='ocrx_word' id='word_1_59' title='bbox 1424 572 1611 614; x_wconf 82' lang='lat' dir='ltr'>occisum</span> <span class='ocrx_word' id='word_1_60' title='bbox 1640 573 1700 615; x_wconf 74' lang='lat' dir='ltr'>ait</span> 
     </span>
     <span class='ocr_line' id='line_1_8' title="bbox 291 634 1702 720; baseline 0.003 -44"><span class='ocrx_word' id='word_1_61' title='bbox 291 634 374 679; x_wconf 88' lang='lat' dir='ltr'>efle</span> <span class='ocrx_word' id='word_1_62' title='bbox 397 636 508 677; x_wconf 84' lang='lat' dir='ltr'>inter</span> <span class='ocrx_word' id='word_1_63' title='bbox 529 635 757 677; x_wconf 78' lang='lat' dir='ltr'>lauandum</span> <span class='ocrx_word' id='word_1_64' title='bbox 785 649 916 690; x_wconf 82' lang='lat' dir='ltr'>aquae</span> <span class='ocrx_word' id='word_1_65' title='bbox 945 634 1151 679; x_wconf 76' lang='lat' dir='ltr'>sementis</span> <span class='ocrx_word' id='word_1_66' title='bbox 1169 636 1306 678; x_wconf 87' lang='lat' dir='ltr'>lebete</span> <span class='ocrx_word' id='word_1_67' title='bbox 1335 634 1594 720; x_wconf 56' lang='lat' dir='ltr'>luperieffto,</span> <span class='ocrx_word' id='word_1_68' title='bbox 1627 636 1702 680; x_wconf 86' lang='lat' dir='ltr'>vbi</span> 
     </span>
     <span class='ocr_line' id='line_1_9' title="bbox 290 694 1109 755; baseline -0.004 -11"><span class='ocrx_word' id='word_1_69' title='bbox 290 700 428 751; x_wconf 75' lang='grc' dir='ltr'><em>Μέγας</em></span> <span class='ocrx_word' id='word_1_70' title='bbox 449 706 650 754; x_wconf 81' lang='lat' dir='ltr'>corrupte</span> <span class='ocrx_word' id='word_1_71' title='bbox 673 699 830 740; x_wconf 86' lang='lat' dir='ltr'>dicitur</span> <span class='ocrx_word' id='word_1_72' title='bbox 851 711 928 755; x_wconf 86' lang='lat' dir='ltr'>pro</span> <span class='ocrx_word' id='word_1_73' title='bbox 953 694 1109 748; x_wconf 70' lang='grc' dir='ltr'><strong><em>Μαγας.</em></strong></span> 
     </span>
    </p>

    <p class='ocr_par' dir='ltr' id='par_1_3' title="bbox 292 760 1701 879">
     <span class='ocr_line' id='line_1_10' title="bbox 409 760 1701 841; baseline 0.002 -38"><span class='ocrx_word' id='word_1_74' title='bbox 409 760 511 804; x_wconf 88' lang='lat' dir='ltr'>Ibid.</span> <span class='ocrx_word' id='word_1_75' title='bbox 533 775 571 812; x_wconf 90' lang='lat'>4.</span> <span class='ocrx_word' id='word_1_76' title='bbox 578 761 825 841; x_wconf 69' lang='grc' dir='ltr'>Βερενίκῃ.)</span> <span class='ocrx_word' id='word_1_77' title='bbox 870 761 1007 804; x_wconf 84' lang='lat' dir='ltr'>Huius</span> <span class='ocrx_word' id='word_1_78' title='bbox 1029 762 1170 804; x_wconf 83' lang='lat' dir='ltr'>caedis</span> <span class='ocrx_word' id='word_1_79' title='bbox 1202 761 1399 806; x_wconf 84' lang='lat' dir='ltr'>meminit</span> <span class='ocrx_word' id='word_1_80' title='bbox 1421 769 1464 804; x_wconf 87' lang='lat' dir='ltr'>et</span> <span class='ocrx_word' id='word_1_81' title='bbox 1484 761 1701 805; x_wconf 81' lang='lat' dir='ltr'>zenobius</span> 
     </span>
     <span class='ocr_line' id='line_1_11' title="bbox 292 820 928 879; baseline 0.002 -12"><span class='ocrx_word' id='word_1_82' title='bbox 292 824 338 868; x_wconf 85' lang='lat' dir='ltr'>in</span> <span class='ocrx_word' id='word_1_83' title='bbox 360 824 536 879; x_wconf 87' lang='lat' dir='ltr'>adagio,</span> <span class='ocrx_word' id='word_1_84' title='bbox 558 820 664 873; x_wconf 67' lang='grc' dir='ltr'>ε’ύνες</span> <span class='ocrx_word' id='word_1_85' title='bbox 694 826 713 866; x_wconf 83' lang='lat' dir='ltr'>o‘</span> <span class='ocrx_word' id='word_1_86' title='bbox 732 822 928 877; x_wconf 64' lang='grc' dir='ltr'>σφάκτης.</span> 
     </span>
    </p>

    <p class='ocr_par' dir='ltr' id='par_1_4' title="bbox 290 884 1708 1257">
     <span class='ocr_line' id='line_1_12' title="bbox 414 884 1702 942; baseline 0 -14"><span class='ocrx_word' id='word_1_87' title='bbox 414 899 474 938; x_wconf 77' lang='lat'>54.</span> <span class='ocrx_word' id='word_1_88' title='bbox 497 900 554 936; x_wconf 83' lang='lat'>39.</span> <span class='ocrx_word' id='word_1_89' title='bbox 586 884 647 932; x_wconf 60' lang='lat' dir='ltr'>To*</span> <span class='ocrx_word' id='word_1_90' title='bbox 668 885 940 942; x_wconf 65' lang='grc' dir='ltr'>Νικηφόοιομ)</span> <span class='ocrx_word' id='word_1_91' title='bbox 984 887 1125 930; x_wconf 90' lang='lat' dir='ltr'>Lucus</span> <span class='ocrx_word' id='word_1_92' title='bbox 1157 888 1239 929; x_wconf 84' lang='lat' dir='ltr'>fuit</span> <span class='ocrx_word' id='word_1_93' title='bbox 1274 888 1396 930; x_wconf 75' lang='lat' dir='ltr'>iuxta</span> <span class='ocrx_word' id='word_1_94' title='bbox 1427 887 1702 942; x_wconf 80' lang='lat' dir='ltr'>Pergamum,</span> 
     </span>
     <span class='ocr_line' id='line_1_13' title="bbox 296 949 1703 1007; baseline 0 -14"><span class='ocrx_word' id='word_1_95' title='bbox 296 962 420 1007; x_wconf 86' lang='lat' dir='ltr'>quem</span> <span class='ocrx_word' id='word_1_96' title='bbox 441 949 585 994; x_wconf 88' lang='lat' dir='ltr'>lucum</span> <span class='ocrx_word' id='word_1_97' title='bbox 609 951 658 991; x_wconf 83' lang='lat' dir='ltr'>ab</span> <span class='ocrx_word' id='word_1_98' title='bbox 679 949 869 992; x_wconf 83' lang='lat' dir='ltr'>Eumene</span> <span class='ocrx_word' id='word_1_99' title='bbox 887 951 1095 998; x_wconf 71' lang='lat' dir='ltr'>consitum</span> <span class='ocrx_word' id='word_1_100' title='bbox 1119 950 1199 993; x_wconf 81' lang='lat' dir='ltr'>esse</span> <span class='ocrx_word' id='word_1_101' title='bbox 1224 951 1356 992; x_wconf 85' lang='lat' dir='ltr'>refert</span> <span class='ocrx_word' id='word_1_102' title='bbox 1377 949 1530 993; x_wconf 84' lang='lat' dir='ltr'>Strabo</span> <span class='ocrx_word' id='word_1_103' title='bbox 1557 950 1628 993; x_wconf 89' lang='lat' dir='ltr'>lib.</span> <span class='ocrx_word' id='word_1_104' title='bbox 1653 963 1703 999; x_wconf 84' lang='lat'>13.</span> 
     </span>
     <span class='ocr_line' id='line_1_14' title="bbox 296 1011 1708 1069; baseline -0.001 -13"><span class='ocrx_word' id='word_1_105' title='bbox 296 1011 462 1056; x_wconf 81' lang='lat' dir='ltr'>excisus</span> <span class='ocrx_word' id='word_1_106' title='bbox 482 1013 593 1056; x_wconf 83' lang='lat' dir='ltr'>enim</span> <span class='ocrx_word' id='word_1_107' title='bbox 616 1012 753 1055; x_wconf 83' lang='lat' dir='ltr'>fuerat</span> <span class='ocrx_word' id='word_1_108' title='bbox 785 1027 808 1055; x_wconf 88' lang='lat' dir='ltr'>a</span> <span class='ocrx_word' id='word_1_109' title='bbox 836 1014 1025 1069; x_wconf 74' lang='lat' dir='ltr'>Philippo</span> <span class='ocrx_word' id='word_1_110' title='bbox 1065 1014 1349 1056; x_wconf 81' lang='lat' dir='ltr'>Macedonum</span> <span class='ocrx_word' id='word_1_111' title='bbox 1381 1027 1508 1068; x_wconf 82' lang='lat' dir='ltr'>rege,</span> <span class='ocrx_word' id='word_1_112' title='bbox 1537 1021 1585 1055; x_wconf 85' lang='lat' dir='ltr'>vt</span> <span class='ocrx_word' id='word_1_113' title='bbox 1608 1026 1708 1054; x_wconf 81' lang='lat' dir='ltr'>nar-</span> 
     </span>
     <span class='ocr_line' id='line_1_15' title="bbox 295 1074 1703 1132; baseline 0.001 -16"><span class='ocrx_word' id='word_1_114' title='bbox 295 1079 363 1117; x_wconf 76' lang='lat' dir='ltr'>rat</span> <span class='ocrx_word' id='word_1_115' title='bbox 386 1074 468 1117; x_wconf 88' lang='lat' dir='ltr'>hoc</span> <span class='ocrx_word' id='word_1_116' title='bbox 489 1076 591 1118; x_wconf 90' lang='lat' dir='ltr'>loco</span> <span class='ocrx_word' id='word_1_117' title='bbox 616 1075 823 1132; x_wconf 83' lang='lat' dir='ltr'>Polybius</span> <span class='ocrx_word' id='word_1_118' title='bbox 845 1088 888 1118; x_wconf 86' lang='lat' dir='ltr'>et</span> <span class='ocrx_word' id='word_1_119' title='bbox 908 1077 1034 1118; x_wconf 85' lang='lat' dir='ltr'>initio</span> <span class='ocrx_word' id='word_1_120' title='bbox 1055 1076 1121 1118; x_wconf 86' lang='lat' dir='ltr'>lib.</span> <span class='ocrx_word' id='word_1_121' title='bbox 1145 1091 1196 1129; x_wconf 63' lang='lat'>17⁴</span> <span class='ocrx_word' id='word_1_122' title='bbox 1243 1077 1438 1118; x_wconf 85' lang='lat' dir='ltr'>Meminit</span> <span class='ocrx_word' id='word_1_123' title='bbox 1475 1086 1519 1118; x_wconf 91' lang='lat' dir='ltr'>et</span> <span class='ocrx_word' id='word_1_124' title='bbox 1551 1076 1703 1118; x_wconf 84' lang='lat' dir='ltr'>Liuius</span> 
     </span>
     <span class='ocr_line' id='line_1_16' title="bbox 294 1136 1707 1195; baseline 0.002 -16"><span class='ocrx_word' id='word_1_125' title='bbox 294 1136 366 1180; x_wconf 86' lang='lat' dir='ltr'>lib.</span> <span class='ocrx_word' id='word_1_126' title='bbox 387 1150 440 1184; x_wconf 83' lang='lat'>31.</span> <span class='ocrx_word' id='word_1_127' title='bbox 465 1149 542 1194; x_wconf 80' lang='lat' dir='ltr'>quo</span> <span class='ocrx_word' id='word_1_128' title='bbox 575 1143 751 1192; x_wconf 81' lang='lat' dir='ltr'>tempore</span> <span class='ocrx_word' id='word_1_129' title='bbox 774 1137 964 1195; x_wconf 71' lang='lat' dir='ltr'>Philippo</span> <span class='ocrx_word' id='word_1_130' title='bbox 996 1140 1105 1182; x_wconf 82' lang='lat' dir='ltr'>circa</span> <span class='ocrx_word' id='word_1_131' title='bbox 1132 1140 1388 1195; x_wconf 83' lang='lat' dir='ltr'>Pergamum</span> <span class='ocrx_word' id='word_1_132' title='bbox 1416 1144 1556 1182; x_wconf 81' lang='lat' dir='ltr'>vrente</span> <span class='ocrx_word' id='word_1_133' title='bbox 1576 1137 1707 1195; x_wconf 84' lang='lat' dir='ltr'>sacra</span> 
     </span>
     <span class='ocr_line' id='line_1_17' title="bbox 290 1198 891 1257; baseline 0.005 -18"><span class='ocrx_word' id='word_1_134' title='bbox 290 1198 554 1257; x_wconf 74' lang='lat' dir='ltr'>profanaque</span> <span class='ocrx_word' id='word_1_135' title='bbox 575 1209 656 1242; x_wconf 87' lang='lat' dir='ltr'>etc.</span> <span class='ocrx_word' id='word_1_136' title='bbox 678 1207 721 1241; x_wconf 86' lang='lat' dir='ltr'>et</span> <span class='ocrx_word' id='word_1_137' title='bbox 740 1200 809 1242; x_wconf 88' lang='lat' dir='ltr'>lib.</span> <span class='ocrx_word' id='word_1_138' title='bbox 833 1215 891 1250; x_wconf 84' lang='lat'>32.</span> 
     </span>
    </p>

    <p class='ocr_par' dir='ltr' id='par_1_5' title="bbox 295 1259 1769 1573">
     <span class='ocr_line' id='line_1_18' title="bbox 414 1259 1710 1319; baseline 0.001 -14"><span class='ocrx_word' id='word_1_139' title='bbox 414 1274 465 1312; x_wconf 80' lang='lat'>55.</span> <span class='ocrx_word' id='word_1_140' title='bbox 487 1273 525 1314; x_wconf 83' lang='grc'>7.</span> <span class='ocrx_word' id='word_1_141' title='bbox 560 1259 618 1306; x_wconf 77' lang='lat' dir='ltr'>Tei</span> <span class='ocrx_word' id='word_1_142' title='bbox 629 1259 764 1317; x_wconf 72' lang='grc' dir='ltr'><em>Θήβης</em></span> <span class='ocrx_word' id='word_1_143' title='bbox 782 1262 950 1317; x_wconf 76' lang='grc' dir='ltr'>πεδίον.)</span> <span class='ocrx_word' id='word_1_144' title='bbox 984 1263 1047 1304; x_wconf 91' lang='lat' dir='ltr'>De</span> <span class='ocrx_word' id='word_1_145' title='bbox 1066 1264 1146 1307; x_wconf 92' lang='lat' dir='ltr'>hoc</span> <span class='ocrx_word' id='word_1_146' title='bbox 1169 1277 1343 1319; x_wconf 82' lang='lat' dir='ltr'>campo,</span> <span class='ocrx_word' id='word_1_147' title='bbox 1368 1261 1438 1318; x_wconf 84' lang='lat' dir='ltr'>qui</span> <span class='ocrx_word' id='word_1_148' title='bbox 1458 1263 1628 1306; x_wconf 79' lang='lat' dir='ltr'>Thebes</span> <span class='ocrx_word' id='word_1_149' title='bbox 1641 1263 1710 1306; x_wconf 85' lang='lat' dir='ltr'>di·</span> 
     </span>
     <span class='ocr_line' id='line_1_19' title="bbox 298 1323 1707 1382; baseline -0.001 -13"><span class='ocrx_word' id='word_1_150' title='bbox 298 1323 395 1369; x_wconf 71' lang='lat' dir='ltr'>&amp;us</span> <span class='ocrx_word' id='word_1_151' title='bbox 415 1325 496 1376; x_wconf 85' lang='lat' dir='ltr'>est,</span> <span class='ocrx_word' id='word_1_152' title='bbox 520 1339 605 1368; x_wconf 89' lang='lat' dir='ltr'>non</span> <span class='ocrx_word' id='word_1_153' title='bbox 628 1325 797 1375; x_wconf 82' lang='lat' dir='ltr'>Thebe,</span> <span class='ocrx_word' id='word_1_154' title='bbox 820 1334 864 1368; x_wconf 90' lang='lat' dir='ltr'>vt</span> <span class='ocrx_word' id='word_1_155' title='bbox 886 1339 1108 1382; x_wconf 84' lang='lat' dir='ltr'>perperam</span> <span class='ocrx_word' id='word_1_156' title='bbox 1130 1328 1172 1367; x_wconf 87' lang='lat' dir='ltr'>in</span> <span class='ocrx_word' id='word_1_157' title='bbox 1187 1327 1433 1380; x_wconf 75' lang='lat' dir='ltr'>¹Pomponio</span> <span class='ocrx_word' id='word_1_158' title='bbox 1463 1327 1579 1368; x_wconf 38' lang='lat' dir='ltr'>Mela*</span> <span class='ocrx_word' id='word_1_159' title='bbox 1608 1340 1707 1381; x_wconf 86' lang='lat' dir='ltr'>per-</span> 
     </span>
     <span class='ocr_line' id='line_1_20' title="bbox 295 1387 1708 1447; baseline -0.001 -16"><span class='ocrx_word' id='word_1_160' title='bbox 295 1388 496 1442; x_wconf 86' lang='lat' dir='ltr'>scriptum</span> <span class='ocrx_word' id='word_1_161' title='bbox 518 1388 601 1442; x_wconf 85' lang='lat' dir='ltr'>est,</span> <span class='ocrx_word' id='word_1_162' title='bbox 635 1388 689 1429; x_wconf 85' lang='lat' dir='ltr'>fic</span> <span class='ocrx_word' id='word_1_163' title='bbox 714 1387 861 1433; x_wconf 81' lang='lat' dir='ltr'>Liuius</span> <span class='ocrx_word' id='word_1_164' title='bbox 883 1389 951 1431; x_wconf 83' lang='lat' dir='ltr'>lib.</span> <span class='ocrx_word' id='word_1_165' title='bbox 974 1401 1034 1441; x_wconf 86' lang='lat'>37.</span> <span class='ocrx_word' id='word_1_166' title='bbox 1072 1388 1280 1447; x_wconf 82' lang='lat' dir='ltr'>Hostiliter</span> <span class='ocrx_word' id='word_1_167' title='bbox 1300 1388 1441 1430; x_wconf 78' lang='lat' dir='ltr'>itin-ere</span> <span class='ocrx_word' id='word_1_168' title='bbox 1451 1387 1571 1444; x_wconf 62' lang='lat' dir='ltr'>saffo</span> <span class='ocrx_word' id='word_1_169' title='bbox 1590 1390 1708 1443; x_wconf 78' lang='lat' dir='ltr'>petiit</span> 
     </span>
     <span class='ocr_line' id='line_1_21' title="bbox 297 1450 1709 1510; baseline 0.002 -18"><span class='ocrx_word' id='word_1_170' title='bbox 297 1458 450 1504; x_wconf 77' lang='lat' dir='ltr'>agrum</span> <span class='ocrx_word' id='word_1_171' title='bbox 470 1452 722 1507; x_wconf 73' lang='lat' dir='ltr'>opulentum,</span> <span class='ocrx_word' id='word_1_172' title='bbox 743 1465 859 1507; x_wconf 83' lang='lat' dir='ltr'>quem</span> <span class='ocrx_word' id='word_1_173' title='bbox 872 1457 1018 1494; x_wconf 74' lang='lat' dir='ltr'>vocant</span> <span class='ocrx_word' id='word_1_174' title='bbox 1034 1450 1203 1504; x_wconf 78' lang='lat' dir='ltr'>Thebes,</span> <span class='ocrx_word' id='word_1_175' title='bbox 1224 1463 1409 1505; x_wconf 83' lang='lat' dir='ltr'>campum</span> <span class='ocrx_word' id='word_1_176' title='bbox 1429 1452 1608 1510; x_wconf 65' lang='lat' dir='ltr'>carmine</span> <span class='ocrx_word' id='word_1_177' title='bbox 1618 1451 1709 1498; x_wconf 83' lang='lat' dir='ltr'>Ho-</span> 
     </span>
     <span class='ocr_line' id='line_1_22' title="bbox 297 1513 1769 1573; baseline 0.001 -18"><span class='ocrx_word' id='word_1_178' title='bbox 297 1514 401 1555; x_wconf 81' lang='lat' dir='ltr'>meri</span> <span class='ocrx_word' id='word_1_179' title='bbox 420 1513 685 1555; x_wconf 63' lang='lat' dir='ltr'>nobilitatum.</span> <span class='ocrx_word' id='word_1_180' title='bbox 723 1515 795 1569; x_wconf 89' lang='lat' dir='ltr'>qui</span> <span class='ocrx_word' id='word_1_181' title='bbox 818 1514 938 1555; x_wconf 87' lang='lat' dir='ltr'>locus</span> <span class='ocrx_word' id='word_1_182' title='bbox 963 1528 1016 1555; x_wconf 84' lang='lat' dir='ltr'>ex</span> <span class='ocrx_word' id='word_1_183' title='bbox 1044 1515 1227 1573; x_wconf 87' lang='lat' dir='ltr'>Polybio</span> <span class='ocrx_word' id='word_1_184' title='bbox 1251 1515 1481 1556; x_wconf 76' lang='lat' dir='ltr'>translatus</span> <span class='ocrx_word' id='word_1_185' title='bbox 1512 1514 1570 1556; x_wconf 87' lang='lat' dir='ltr'>est</span> <span class='ocrx_word' id='word_1_186' title='bbox 1593 1515 1710 1570; x_wconf 82' lang='lat' dir='ltr'>lega·</span> <span class='ocrx_word' id='word_1_187' title='bbox 1761 1557 1769 1563; x_wconf 75' lang='grc'><strong><em>,</em></strong></span> 
     </span>
    </p>
   </div>
   <div class='ocr_carea' id='block_1_3' title="bbox 298 1575 1783 1758">
    <p class='ocr_par' dir='ltr' id='par_1_6' title="bbox 298 1575 1783 1758">
     <span class='ocr_line' id='line_1_23' title="bbox 298 1575 1778 1635; baseline 0.001 -17"><span class='ocrx_word' id='word_1_188' title='bbox 298 1577 418 1618; x_wconf 80' lang='lat' dir='ltr'>tione</span> <span class='ocrx_word' id='word_1_189' title='bbox 437 1590 542 1619; x_wconf 73' lang='lat' dir='ltr'>xxr.</span> <span class='ocrx_word' id='word_1_190' title='bbox 569 1576 636 1619; x_wconf 87' lang='lat' dir='ltr'>sed</span> <span class='ocrx_word' id='word_1_191' title='bbox 662 1576 867 1633; x_wconf 87' lang='lat' dir='ltr'>Polybius</span> <span class='ocrx_word' id='word_1_192' title='bbox 891 1591 987 1619; x_wconf 88' lang='lat' dir='ltr'>eum</span> <span class='ocrx_word' id='word_1_193' title='bbox 1013 1591 1208 1633; x_wconf 86' lang='lat' dir='ltr'>campum</span> <span class='ocrx_word' id='word_1_194' title='bbox 1241 1577 1289 1618; x_wconf 74' lang='lat' dir='ltr'>ab</span> <span class='ocrx_word' id='word_1_195' title='bbox 1311 1577 1502 1618; x_wconf 86' lang='lat' dir='ltr'>Homero</span> <span class='ocrx_word' id='word_1_196' title='bbox 1534 1575 1614 1619; x_wconf 80' lang='lat' dir='ltr'>effe</span> <span class='ocrx_word' id='word_1_197' title='bbox 1638 1591 1710 1622; x_wconf 87' lang='lat' dir='ltr'>ce·</span> <span class='ocrx_word' id='word_1_198' title='bbox 1767 1604 1778 1635; x_wconf 73' lang='lat'>·‚·</span> 
     </span>
     <span class='ocr_line' id='line_1_24' title="bbox 298 1637 1783 1694; baseline 0.001 -15"><span class='ocrx_word' id='word_1_199' title='bbox 298 1637 509 1684; x_wconf 83' lang='lat' dir='ltr'>lebratum</span> <span class='ocrx_word' id='word_1_200' title='bbox 532 1653 619 1682; x_wconf 89' lang='lat' dir='ltr'>non</span> <span class='ocrx_word' id='word_1_201' title='bbox 646 1640 697 1680; x_wconf 83' lang='lat' dir='ltr'>di·</span> <span class='ocrx_word' id='word_1_202' title='bbox 716 1640 772 1693; x_wconf 83' lang='lat' dir='ltr'>it,</span> <span class='ocrx_word' id='word_1_203' title='bbox 802 1640 946 1694; x_wconf 85' lang='lat' dir='ltr'>itaque</span> <span class='ocrx_word' id='word_1_204' title='bbox 967 1641 1010 1680; x_wconf 91' lang='lat' dir='ltr'>id</span> <span class='ocrx_word' id='word_1_205' title='bbox 1035 1641 1086 1682; x_wconf 90' lang='lat' dir='ltr'>de</span> <span class='ocrx_word' id='word_1_206' title='bbox 1108 1642 1180 1683; x_wconf 89' lang='lat' dir='ltr'>suo</span> <span class='ocrx_word' id='word_1_207' title='bbox 1201 1640 1424 1682; x_wconf 78' lang='lat' dir='ltr'>admensus</span> <span class='ocrx_word' id='word_1_208' title='bbox 1446 1638 1526 1682; x_wconf 82' lang='lat' dir='ltr'>efl&#39;e</span> <span class='ocrx_word' id='word_1_209' title='bbox 1538 1639 1709 1684; x_wconf 83' lang='lat' dir='ltr'>videtur</span> <span class='ocrx_word' id='word_1_210' title='bbox 1768 1664 1783 1681; x_wconf 78' lang='lat'>·.</span> 
     </span>
     <span class='ocr_line' id='line_1_25' title="bbox 298 1700 1779 1758; baseline -0.001 -13"><span class='ocrx_word' id='word_1_211' title='bbox 298 1700 463 1745; x_wconf 87' lang='lat' dir='ltr'>Liuius.</span> <span class='ocrx_word' id='word_1_212' title='bbox 521 1702 733 1745; x_wconf 85' lang='lat' dir='ltr'>Homerus</span> <span class='ocrx_word' id='word_1_213' title='bbox 765 1704 939 1757; x_wconf 79' lang='lat' dir='ltr'>quidem</span> <span class='ocrx_word' id='word_1_214' title='bbox 973 1703 1143 1746; x_wconf 84' lang='lat' dir='ltr'>Thebes</span> <span class='ocrx_word' id='word_1_215' title='bbox 1175 1703 1322 1758; x_wconf 82' lang='lat' dir='ltr'>oppidi</span> <span class='ocrx_word' id='word_1_216' title='bbox 1353 1702 1545 1744; x_wconf 88' lang='lat' dir='ltr'>meminit</span> <span class='ocrx_word' id='word_1_217' title='bbox 1577 1703 1647 1746; x_wconf 85' lang='lat' dir='ltr'>lib.</span> <span class='ocrx_word' id='word_1_218' title='bbox 1675 1718 1708 1748; x_wconf 84' lang='lat'>1.</span> <span class='ocrx_word' id='word_1_219' title='bbox 1772 1704 1779 1730; x_wconf 71' lang='grc' dir='ltr'><strong>ἵ</strong></span> 
     </span>
    </p>
   </div>
   <div class='ocr_carea' id='block_1_4' title="bbox 297 1760 1786 1899">
    <p class='ocr_par' dir='ltr' id='par_1_7' title="bbox 297 1760 1786 1899">
     <span class='ocr_line' id='line_1_26' title="bbox 297 1760 1711 1822; baseline -0.001 -14"><span class='ocrx_word' id='word_1_220' title='bbox 297 1763 419 1808; x_wconf 79' lang='lat' dir='ltr'>Iliad</span> <span class='ocrx_word' id='word_1_221' title='bbox 480 1760 702 1820; x_wconf 55' lang='grc' dir='ltr'>’.ἕλκομαι-θ’</span> <span class='ocrx_word' id='word_1_222' title='bbox 720 1770 758 1813; x_wconf 79' lang='grc' dir='ltr'>ἐς</span> <span class='ocrx_word' id='word_1_223' title='bbox 784 1761 922 1820; x_wconf 73' lang='grc' dir='ltr'><em>Θκβην</em></span> <span class='ocrx_word' id='word_1_224' title='bbox 951 1764 1054 1822; x_wconf 75' lang='grc' dir='ltr'>ἴερην</span> <span class='ocrx_word' id='word_1_225' title='bbox 1091 1763 1206 1809; x_wconf 72' lang='grc' dir='ltr'><strong><em>πόλιν</em></strong></span> <span class='ocrx_word' id='word_1_226' title='bbox 1225 1764 1443 1813; x_wconf 37' lang='lat' dir='ltr'>&#39;Qflsrswvoq</span> <span class='ocrx_word' id='word_1_227' title='bbox 1497 1765 1567 1806; x_wconf 85' lang='lat' dir='ltr'>sed</span> <span class='ocrx_word' id='word_1_228' title='bbox 1597 1779 1711 1807; x_wconf 87' lang='lat' dir='ltr'>cam-</span> 
     </span>
     <span class='ocr_line' id='line_1_27' title="bbox 298 1826 1786 1899; baseline 0.001 -30"><span class='ocrx_word' id='word_1_229' title='bbox 298 1839 404 1899; x_wconf 69' lang='lat' dir='ltr'>pum</span> <span class='ocrx_word' id='word_1_230' title='bbox 417 1826 588 1869; x_wconf 89' lang='lat' dir='ltr'>Thebes</span> <span class='ocrx_word' id='word_1_231' title='bbox 613 1841 699 1870; x_wconf 89' lang='lat' dir='ltr'>non</span> <span class='ocrx_word' id='word_1_232' title='bbox 723 1827 935 1878; x_wconf 82' lang='lat' dir='ltr'>nominat,</span> <span class='ocrx_word' id='word_1_233' title='bbox 956 1829 1031 1872; x_wconf 85' lang='lat' dir='ltr'>nifi</span> <span class='ocrx_word' id='word_1_234' title='bbox 1051 1828 1165 1872; x_wconf 89' lang='lat' dir='ltr'>forte</span> <span class='ocrx_word' id='word_1_235' title='bbox 1184 1842 1278 1870; x_wconf 85' lang='lat' dir='ltr'>eum</span> <span class='ocrx_word' id='word_1_236' title='bbox 1300 1828 1441 1870; x_wconf 84' lang='lat' dir='ltr'>locum</span> <span class='ocrx_word' id='word_1_237' title='bbox 1465 1841 1518 1871; x_wconf 80' lang='lat' dir='ltr'>ex</span> <span class='ocrx_word' id='word_1_238' title='bbox 1541 1827 1707 1886; x_wconf 84' lang='lat' dir='ltr'>hymno</span> <span class='ocrx_word' id='word_1_239' title='bbox 1769 1829 1786 1870; x_wconf 67' lang='lat'>{1</span> 
     </span>
    </p>
   </div>
   <div class='ocr_carea' id='block_1_5' title="bbox 1725 0 1786 1772">
    <p class='ocr_par' dir='ltr' id='par_1_8' title="bbox 1725 0 1786 1772">
     <span class='ocr_line' id='line_1_28' title="bbox 1725 0 1786 1772; baseline 0 0"><span class='ocrx_word' id='word_1_240' title='bbox 1725 0 1786 1772; x_wconf 95' lang='lat' dir='ltr'> </span> 
     </span>
    </p>
   </div>
   <div class='ocr_carea' id='block_1_6' title="bbox 298 1887 1713 2008">
    <p class='ocr_par' dir='ltr' id='par_1_9' title="bbox 298 1881 1783 2008">
     <span class='ocr_line' id='line_1_29' title="bbox 298 1887 1709 1949; baseline -0.001 -18"><span class='ocrx_word' id='word_1_241' title='bbox 298 1901 344 1932; x_wconf 83' lang='lat'>111</span> <span class='ocrx_word' id='word_1_242' title='bbox 358 1890 607 1946; x_wconf 86' lang='lat' dir='ltr'>Apollinem</span> <span class='ocrx_word' id='word_1_243' title='bbox 633 1890 850 1934; x_wconf 84' lang='lat' dir='ltr'>intellexit</span> <span class='ocrx_word' id='word_1_244' title='bbox 874 1890 1052 1935; x_wconf 89' lang='lat' dir='ltr'>Liuius:</span> <span class='ocrx_word' id='word_1_245' title='bbox 1085 1887 1221 1948; x_wconf 75' lang='grc' dir='ltr'><em>Θήβης</em></span> <span class='ocrx_word' id='word_1_246' title='bbox 1249 1890 1360 1943; x_wconf 78' lang='grc' dir='ltr'>οἰμπ</span> <span class='ocrx_word' id='word_1_247' title='bbox 1344 1892 1438 1933; x_wconf 79' lang='grc' dir='ltr'><em>δίον</em></span> <span class='ocrx_word' id='word_1_248' title='bbox 1468 1887 1709 1949; x_wconf 70' lang='grc' dir='ltr'>πυρηφόρὸν</span> 
     </span>
     <span class='ocr_line' id='line_1_30' title="bbox 301 1950 1713 2008; baseline -0.001 -14"><span class='ocrx_word' id='word_1_249' title='bbox 301 1950 385 1994; x_wconf 87' lang='lat' dir='ltr'>Sed</span> <span class='ocrx_word' id='word_1_250' title='bbox 405 1953 462 1994; x_wconf 88' lang='lat' dir='ltr'>ibi</span> <span class='ocrx_word' id='word_1_251' title='bbox 480 1951 697 1995; x_wconf 87' lang='lat' dir='ltr'>Homerus</span> <span class='ocrx_word' id='word_1_252' title='bbox 720 1954 770 1995; x_wconf 92' lang='lat' dir='ltr'>de</span> <span class='ocrx_word' id='word_1_253' title='bbox 794 1967 899 2006; x_wconf 73' lang='lat' dir='ltr'>agro</span> <span class='ocrx_word' id='word_1_254' title='bbox 912 1955 1117 1997; x_wconf 87' lang='lat' dir='ltr'>Thebano</span> <span class='ocrx_word' id='word_1_255' title='bbox 1139 1953 1356 2007; x_wconf 82' lang='lat' dir='ltr'>loquitur,</span> <span class='ocrx_word' id='word_1_256' title='bbox 1379 1954 1451 2008; x_wconf 90' lang='lat' dir='ltr'>qui</span> <span class='ocrx_word' id='word_1_257' title='bbox 1473 1954 1516 1996; x_wconf 89' lang='lat' dir='ltr'>iu</span> <span class='ocrx_word' id='word_1_258' title='bbox 1529 1953 1713 1998; x_wconf 73' lang='lat' dir='ltr'>Graecia</span> 
     </span>
    </p>
   </div>
   <div class='ocr_carea' id='block_1_7' title="bbox 301 2012 1774 2261">
    <p class='ocr_par' dir='ltr' id='par_1_10' title="bbox 301 2012 1786 2195">
     <span class='ocr_line' id='line_1_31' title="bbox 302 2012 1768 2072; baseline 0.005 -17"><span class='ocrx_word' id='word_1_259' title='bbox 302 2014 373 2057; x_wconf 84' lang='lat' dir='ltr'>est</span> <span class='ocrx_word' id='word_1_260' title='bbox 433 2014 586 2070; x_wconf 86' lang='lat' dir='ltr'>Itaque</span> <span class='ocrx_word' id='word_1_261' title='bbox 611 2017 681 2057; x_wconf 86' lang='lat' dir='ltr'>vix</span> <span class='ocrx_word' id='word_1_262' title='bbox 705 2016 789 2069; x_wconf 81' lang='lat' dir='ltr'>est,</span> <span class='ocrx_word' id='word_1_263' title='bbox 811 2027 855 2060; x_wconf 85' lang='lat' dir='ltr'>vt</span> <span class='ocrx_word' id='word_1_264' title='bbox 877 2017 918 2058; x_wconf 86' lang='lat' dir='ltr'>se</span> <span class='ocrx_word' id='word_1_265' title='bbox 940 2017 1087 2060; x_wconf 89' lang='lat' dir='ltr'>Liuius</span> <span class='ocrx_word' id='word_1_266' title='bbox 1118 2029 1301 2072; x_wconf 83' lang='lat' dir='ltr'>purgare</span> <span class='ocrx_word' id='word_1_267' title='bbox 1324 2017 1372 2057; x_wconf 87' lang='lat' dir='ltr'>ab</span> <span class='ocrx_word' id='word_1_268' title='bbox 1403 2029 1547 2058; x_wconf 89' lang='lat' dir='ltr'>errore</span> <span class='ocrx_word' id='word_1_269' title='bbox 1576 2015 1713 2072; x_wconf 82' lang='lat' dir='ltr'>poffit.</span> <span class='ocrx_word' id='word_1_270' title='bbox 1756 2012 1768 2062; x_wconf 61' lang='lat' dir='ltr'>&#39;s</span> 
     </span>
     <span class='ocr_line' id='line_1_32' title="bbox 301 2072 1711 2151; baseline 0.001 -30"><span class='ocrx_word' id='word_1_271' title='bbox 301 2072 454 2121; x_wconf 82' lang='lat' dir='ltr'>Strabo</span> <span class='ocrx_word' id='word_1_272' title='bbox 487 2086 604 2120; x_wconf 85' lang='lat' dir='ltr'>certe</span> <span class='ocrx_word' id='word_1_273' title='bbox 632 2078 701 2120; x_wconf 88' lang='lat' dir='ltr'>lib</span> <span class='ocrx_word' id='word_1_274' title='bbox 729 2093 781 2129; x_wconf 81' lang='lat'>13.</span> <span class='ocrx_word' id='word_1_275' title='bbox 819 2079 910 2134; x_wconf 85' lang='lat' dir='ltr'>post</span> <span class='ocrx_word' id='word_1_276' title='bbox 941 2079 1127 2123; x_wconf 85' lang='lat' dir='ltr'>Troiana</span> <span class='ocrx_word' id='word_1_277' title='bbox 1158 2086 1354 2137; x_wconf 77' lang='lat' dir='ltr'>tempora</span> <span class='ocrx_word' id='word_1_278' title='bbox 1378 2079 1492 2151; x_wconf 86' lang='lat' dir='ltr'>hunc</span> <span class='ocrx_word' id='word_1_279' title='bbox 1513 2092 1711 2135; x_wconf 85' lang='lat' dir='ltr'>campum</span> 
     </span>
     <span class='ocr_line' id='line_1_33' title="bbox 301 2139 1766 2195; baseline 0.003 -11"><span class='ocrx_word' id='word_1_280' title='bbox 301 2140 360 2184; x_wconf 82' lang='lat' dir='ltr'>ita</span> <span class='ocrx_word' id='word_1_281' title='bbox 380 2139 730 2195; x_wconf 82' lang='lat' dir='ltr'>cognominatum</span> <span class='ocrx_word' id='word_1_282' title='bbox 764 2139 844 2184; x_wconf 86' lang='lat' dir='ltr'>esse</span> <span class='ocrx_word' id='word_1_283' title='bbox 865 2141 1019 2185; x_wconf 84' lang='lat' dir='ltr'>scribit.</span> <span class='ocrx_word' id='word_1_284' title='bbox 1763 2148 1766 2157; x_wconf 85' lang='grc'><strong>“</strong></span> 
     </span>
    </p>

    <p class='ocr_par' dir='ltr' id='par_1_11' title="bbox 416 2199 1774 2261">
     <span class='ocr_line' id='line_1_34' title="bbox 416 2199 1774 2261; baseline 0.001 -15"><span class='ocrx_word' id='word_1_285' title='bbox 416 2202 522 2247; x_wconf 89' lang='lat' dir='ltr'>Ibid</span> <span class='ocrx_word' id='word_1_286' title='bbox 546 2217 592 2246; x_wconf 86' lang='grc' dir='ltr'>ιι.</span> <span class='ocrx_word' id='word_1_287' title='bbox 627 2200 755 2260; x_wconf 79' lang='grc' dir='ltr'>Ιεραν</span> <span class='ocrx_word' id='word_1_288' title='bbox 776 2199 944 2258; x_wconf 69' lang='lat' dir='ltr'>manv.)</span> <span class='ocrx_word' id='word_1_289' title='bbox 979 2203 1218 2261; x_wconf 87' lang='lat' dir='ltr'>Stephanus</span> <span class='ocrx_word' id='word_1_290' title='bbox 1238 2204 1477 2260; x_wconf 82' lang='lat' dir='ltr'>Byzantius</span> <span class='ocrx_word' id='word_1_291' title='bbox 1498 2204 1611 2247; x_wconf 86' lang='lat' dir='ltr'>hunc</span> <span class='ocrx_word' id='word_1_292' title='bbox 1630 2204 1713 2249; x_wconf 88' lang='lat' dir='ltr'>Po-</span> <span class='ocrx_word' id='word_1_293' title='bbox 1771 2235 1774 2242; x_wconf 77' lang='grc'>.</span> 
     </span>
    </p>
   </div>
   <div class='ocr_carea' id='block_1_8' title="bbox 304 2260 1786 2324">
    <p class='ocr_par' dir='ltr' id='par_1_12' title="bbox 304 2260 1786 2324">
     <span class='ocr_line' id='line_1_35' title="bbox 304 2260 1786 2324; baseline 0.003 -17"><span class='ocrx_word' id='word_1_294' title='bbox 304 2264 414 2323; x_wconf 84' lang='lat' dir='ltr'>lybii</span> <span class='ocrx_word' id='word_1_295' title='bbox 432 2265 607 2308; x_wconf 87' lang='lat' dir='ltr'>locum</span> <span class='ocrx_word' id='word_1_296' title='bbox 596 2280 640 2311; x_wconf 71' lang='lat' dir='ltr'>in</span> <span class='ocrx_word' id='word_1_297' title='bbox 663 2274 806 2309; x_wconf 83' lang='lat' dir='ltr'>mente</span> <span class='ocrx_word' id='word_1_298' title='bbox 832 2266 979 2309; x_wconf 85' lang='lat' dir='ltr'>habuit</span> <span class='ocrx_word' id='word_1_299' title='bbox 995 2299 1005 2319; x_wconf 88' lang='lat'>‚</span> <span class='ocrx_word' id='word_1_300' title='bbox 1030 2280 1126 2308; x_wconf 89' lang='lat' dir='ltr'>curn</span> <span class='ocrx_word' id='word_1_301' title='bbox 1149 2274 1343 2318; x_wconf 80' lang='lat' dir='ltr'>notaret,</span> <span class='ocrx_word' id='word_1_302' title='bbox 1363 2264 1448 2323; x_wconf 77' lang='grc' dir='ltr'>ἱεραὶ</span> <span class='ocrx_word' id='word_1_303' title='bbox 1468 2265 1577 2323; x_wconf 79' lang='grc' dir='ltr'><em>κώμη</em></span> <span class='ocrx_word' id='word_1_304' title='bbox 1596 2266 1713 2324; x_wconf 71' lang='grc' dir='ltr'><strong><em>δῆμος</em></strong></span> <span class='ocrx_word' id='word_1_305' title='bbox 1734 2308 1737 2314; x_wconf 12' lang='grc' dir='ltr'>Κ</span> <span class='ocrx_word' id='word_1_306' title='bbox 1764 2260 1786 2319; x_wconf 58' lang='lat'>,²</span> 
     </span>
    </p>
   </div>
   <div class='ocr_carea' id='block_1_9' title="bbox 303 2324 1712 2387">
    <p class='ocr_par' dir='ltr' id='par_1_13' title="bbox 303 2324 1712 2387">
     <span class='ocr_line' id='line_1_36' title="bbox 303 2324 1712 2387; baseline 0 -15"><span class='ocrx_word' id='word_1_307' title='bbox 303 2328 464 2387; x_wconf 73' lang='grc' dir='ltr'><strong><em>Καρίας.</em></strong></span> <span class='ocrx_word' id='word_1_308' title='bbox 496 2325 689 2381; x_wconf 69' lang='grc' dir='ltr'>Πολύβιος</span> <span class='ocrx_word' id='word_1_309' title='bbox 710 2328 768 2373; x_wconf 77' lang='grc' dir='ltr'>ις’,</span> <span class='ocrx_word' id='word_1_310' title='bbox 792 2342 844 2371; x_wconf 80' lang='lat' dir='ltr'>ex</span> <span class='ocrx_word' id='word_1_311' title='bbox 869 2343 953 2383; x_wconf 89' lang='lat' dir='ltr'>quo</span> <span class='ocrx_word' id='word_1_312' title='bbox 975 2338 1174 2386; x_wconf 81' lang='lat' dir='ltr'>apparet,</span> <span class='ocrx_word' id='word_1_313' title='bbox 1203 2324 1321 2372; x_wconf 62' lang='lat' dir='ltr'>reete</span> <span class='ocrx_word' id='word_1_314' title='bbox 1342 2329 1426 2373; x_wconf 88' lang='lat' dir='ltr'>hoc</span> <span class='ocrx_word' id='word_1_315' title='bbox 1456 2339 1582 2386; x_wconf 84' lang='lat' dir='ltr'>caput</span> <span class='ocrx_word' id='word_1_316' title='bbox 1603 2331 1712 2379; x_wconf 79' lang='lat' dir='ltr'>libro</span> 
     </span>
    </p>
   </div>
   <div class='ocr_carea' id='block_1_10' title="bbox 306 2390 1712 2449">
    <p class='ocr_par' dir='ltr' id='par_1_14' title="bbox 306 2390 1786 2449">
     <span class='ocr_line' id='line_1_37' title="bbox 306 2390 1712 2449; baseline 0.003 -14"><span class='ocrx_word' id='word_1_317' title='bbox 306 2397 360 2435; x_wconf 82' lang='lat'>16.</span> <span class='ocrx_word' id='word_1_318' title='bbox 381 2390 550 2448; x_wconf 88' lang='lat' dir='ltr'>Polybii</span> <span class='ocrx_word' id='word_1_319' title='bbox 573 2405 595 2433; x_wconf 85' lang='lat' dir='ltr'><strong>a</strong></span> <span class='ocrx_word' id='word_1_320' title='bbox 615 2393 739 2434; x_wconf 87' lang='lat' dir='ltr'>nobis</span> <span class='ocrx_word' id='word_1_321' title='bbox 763 2391 1020 2448; x_wconf 81' lang='lat' dir='ltr'>adscriptum</span> <span class='ocrx_word' id='word_1_322' title='bbox 1048 2390 1181 2434; x_wconf 76' lang='lat' dir='ltr'>fuiffe.</span> <span class='ocrx_word' id='word_1_323' title='bbox 1242 2391 1381 2435; x_wconf 86' lang='lat' dir='ltr'>Huius</span> <span class='ocrx_word' id='word_1_324' title='bbox 1412 2393 1561 2449; x_wconf 85' lang='lat' dir='ltr'>oppidi</span> <span class='ocrx_word' id='word_1_325' title='bbox 1591 2394 1712 2436; x_wconf 84' lang='lat' dir='ltr'>inco·</span> 
     </span>
    </p>
   </div>
   <div class='ocr_carea' id='block_1_11' title="bbox 302 2453 1768 2887">
    <p class='ocr_par' dir='ltr' id='par_1_15' title="bbox 302 2453 1768 2514">
     <span class='ocr_line' id='line_1_38' title="bbox 302 2453 1768 2514; baseline 0.001 -17"><span class='ocrx_word' id='word_1_326' title='bbox 302 2455 370 2497; x_wconf 87' lang='lat' dir='ltr'>lae</span> <span class='ocrx_word' id='word_1_327' title='bbox 393 2453 711 2503; x_wconf 77' lang='lat' dir='ltr'>Hierocomitae</span> <span class='ocrx_word' id='word_1_328' title='bbox 742 2454 941 2498; x_wconf 87' lang='lat' dir='ltr'>dicuntur</span> <span class='ocrx_word' id='word_1_329' title='bbox 965 2469 986 2498; x_wconf 82' lang='lat' dir='ltr'>a</span> <span class='ocrx_word' id='word_1_330' title='bbox 1010 2453 1150 2497; x_wconf 88' lang='lat' dir='ltr'>Plinio</span> <span class='ocrx_word' id='word_1_331' title='bbox 1179 2454 1289 2497; x_wconf 88' lang='lat' dir='ltr'>libro</span> <span class='ocrx_word' id='word_1_332' title='bbox 1316 2469 1361 2500; x_wconf 84' lang='lat' dir='ltr'>v.</span> <span class='ocrx_word' id='word_1_333' title='bbox 1390 2457 1463 2514; x_wconf 84' lang='lat' dir='ltr'>qui</span> <span class='ocrx_word' id='word_1_334' title='bbox 1484 2457 1538 2500; x_wconf 87' lang='lat' dir='ltr'>ad</span> <span class='ocrx_word' id='word_1_335' title='bbox 1557 2456 1713 2512; x_wconf 83' lang='lat' dir='ltr'>Perga-</span> <span class='ocrx_word' id='word_1_336' title='bbox 1764 2456 1768 2462; x_wconf 82' lang='grc'><strong>“</strong></span> 
     </span>
    </p>

    <p class='ocr_par' dir='ltr' id='par_1_16' title="bbox 303 2515 1764 2887">
     <span class='ocr_line' id='line_1_39' title="bbox 303 2515 1422 2567; baseline -0.002 -6"><span class='ocrx_word' id='word_1_337' title='bbox 303 2531 471 2561; x_wconf 84' lang='lat' dir='ltr'>menam</span> <span class='ocrx_word' id='word_1_338' title='bbox 489 2515 826 2560; x_wconf 73' lang='lat' dir='ltr'>iurisdiffionem</span> <span class='ocrx_word' id='word_1_339' title='bbox 861 2518 1184 2560; x_wconf 86' lang='lat' dir='ltr'>conueniebant.</span> <span class='ocrx_word' id='word_1_340' title='bbox 1419 2566 1422 2567; x_wconf 12' lang='lat'><em>⁷</em></span> 
     </span>
     <span class='ocr_line' id='line_1_40' title="bbox 423 2576 1711 2636; baseline 0.002 -15"><span class='ocrx_word' id='word_1_341' title='bbox 423 2579 530 2623; x_wconf 86' lang='lat' dir='ltr'>Ibid.</span> <span class='ocrx_word' id='word_1_342' title='bbox 557 2592 605 2631; x_wconf 79' lang='grc' dir='ltr'>ις.</span> <span class='ocrx_word' id='word_1_343' title='bbox 637 2580 688 2621; x_wconf 74' lang='lat'>‘0</span> <span class='ocrx_word' id='word_1_344' title='bbox 713 2581 751 2622; x_wconf 70' lang='grc' dir='ltr'>δὲ</span> <span class='ocrx_word' id='word_1_345' title='bbox 778 2576 953 2633; x_wconf 71' lang='grc' dir='ltr'>Ζεῦξις.)</span> <span class='ocrx_word' id='word_1_346' title='bbox 1017 2579 1132 2622; x_wconf 88' lang='lat' dir='ltr'>Haec</span> <span class='ocrx_word' id='word_1_347' title='bbox 1157 2580 1365 2636; x_wconf 84' lang='lat' dir='ltr'>postrema</span> <span class='ocrx_word' id='word_1_348' title='bbox 1391 2581 1532 2623; x_wconf 83' lang='lat' dir='ltr'>addidi</span> <span class='ocrx_word' id='word_1_349' title='bbox 1562 2581 1631 2624; x_wconf 88' lang='lat' dir='ltr'>hic</span> <span class='ocrx_word' id='word_1_350' title='bbox 1656 2595 1711 2625; x_wconf 82' lang='lat' dir='ltr'>ex</span> 
     </span>
     <span class='ocr_line' id='line_1_41' title="bbox 305 2637 1763 2700; baseline -0.001 -14"><span class='ocrx_word' id='word_1_351' title='bbox 305 2640 437 2686; x_wconf 82' lang='lat' dir='ltr'>Suida</span> <span class='ocrx_word' id='word_1_352' title='bbox 459 2643 504 2684; x_wconf 89' lang='lat' dir='ltr'>in</span> <span class='ocrx_word' id='word_1_353' title='bbox 530 2639 836 2696; x_wconf 69' lang='grc' dir='ltr'>σωματοποιὲἱν,</span> <span class='ocrx_word' id='word_1_354' title='bbox 869 2655 977 2697; x_wconf 89' lang='lat' dir='ltr'>quae</span> <span class='ocrx_word' id='word_1_355' title='bbox 1007 2642 1178 2696; x_wconf 87' lang='lat' dir='ltr'>quidem</span> <span class='ocrx_word' id='word_1_356' title='bbox 1207 2644 1310 2700; x_wconf 86' lang='lat' dir='ltr'>quin</span> <span class='ocrx_word' id='word_1_357' title='bbox 1339 2643 1397 2685; x_wconf 83' lang='lat' dir='ltr'>ibi</span> <span class='ocrx_word' id='word_1_358' title='bbox 1416 2644 1565 2687; x_wconf 70' lang='lat' dir='ltr'>locum</span> <span class='ocrx_word' id='word_1_359' title='bbox 1586 2643 1712 2686; x_wconf 81' lang='lat' dir='ltr'>habe-</span> <span class='ocrx_word' id='word_1_360' title='bbox 1756 2637 1763 2675; x_wconf 63' lang='lat'>4</span> 
     </span>
     <span class='ocr_line' id='line_1_42' title="bbox 306 2704 1764 2762; baseline 0.001 -15"><span class='ocrx_word' id='word_1_361' title='bbox 306 2718 354 2747; x_wconf 89' lang='lat' dir='ltr'>re</span> <span class='ocrx_word' id='word_1_362' title='bbox 384 2706 590 2759; x_wconf 73' lang='lat' dir='ltr'>debeant,</span> <span class='ocrx_word' id='word_1_363' title='bbox 634 2705 703 2748; x_wconf 89' lang='lat' dir='ltr'>vbi</span> <span class='ocrx_word' id='word_1_364' title='bbox 727 2719 774 2748; x_wconf 83' lang='lat' dir='ltr'>ea</span> <span class='ocrx_word' id='word_1_365' title='bbox 806 2704 1042 2758; x_wconf 80' lang='lat' dir='ltr'>collocaui,</span> <span class='ocrx_word' id='word_1_366' title='bbox 1074 2719 1227 2759; x_wconf 83' lang='lat' dir='ltr'>nemo,</span> <span class='ocrx_word' id='word_1_367' title='bbox 1267 2713 1315 2749; x_wconf 80' lang='lat' dir='ltr'>vt</span> <span class='ocrx_word' id='word_1_368' title='bbox 1341 2707 1517 2762; x_wconf 85' lang='lat' dir='ltr'>opinor,</span> <span class='ocrx_word' id='word_1_369' title='bbox 1549 2705 1716 2753; x_wconf 79' lang='lat' dir='ltr'>inficia-</span> <span class='ocrx_word' id='word_1_370' title='bbox 1762 2711 1764 2716; x_wconf 82' lang='grc'>’</span> 
     </span>
     <span class='ocr_line' id='line_1_43' title="bbox 307 2763 1763 2826; baseline -0.001 -14"><span class='ocrx_word' id='word_1_371' title='bbox 307 2767 434 2812; x_wconf 81' lang='lat' dir='ltr'>bitur.</span> <span class='ocrx_word' id='word_1_372' title='bbox 493 2768 598 2811; x_wconf 85' lang='lat' dir='ltr'>Erat</span> <span class='ocrx_word' id='word_1_373' title='bbox 626 2782 757 2825; x_wconf 86' lang='lat' dir='ltr'>porro</span> <span class='ocrx_word' id='word_1_374' title='bbox 789 2766 859 2810; x_wconf 90' lang='lat' dir='ltr'>hic</span> <span class='ocrx_word' id='word_1_375' title='bbox 898 2767 1058 2811; x_wconf 75' lang='lat' dir='ltr'>Zeuxis</span> <span class='ocrx_word' id='word_1_376' title='bbox 1089 2767 1472 2826; x_wconf 35' lang='lat' dir='ltr'>Lydiae-satrapa,</span> <span class='ocrx_word' id='word_1_377' title='bbox 1508 2777 1557 2812; x_wconf 88' lang='lat' dir='ltr'>vt</span> <span class='ocrx_word' id='word_1_378' title='bbox 1585 2770 1733 2811; x_wconf 73' lang='lat' dir='ltr'>docet‘</span> <span class='ocrx_word' id='word_1_379' title='bbox 1756 2763 1763 2826; x_wconf 39' lang='lat' dir='ltr'>J</span> 
     </span>
     <span class='ocr_line' id='line_1_44' title="bbox 1581 2831 1758 2887; baseline -0.006 -13"><span class='ocrx_word' id='word_1_380' title='bbox 1581 2831 1713 2887; x_wconf 77' lang='lat' dir='ltr'>Poly·</span> <span class='ocrx_word' id='word_1_381' title='bbox 1756 2879 1758 2882; x_wconf 49' lang='grc'><strong>,</strong></span> 
     </span>
    </p>
   </div>
   <div class='ocr_carea' id='block_1_12' title="bbox 1741 2278 1786 3126">
    <p class='ocr_par' dir='ltr' id='par_1_17' title="bbox 1741 2278 1786 3126">
     <span class='ocr_line' id='line_1_45' title="bbox 1741 2278 1786 3126; baseline 0 0"><span class='ocrx_word' id='word_1_382' title='bbox 1741 2278 1786 3126; x_wconf 95' lang='lat' dir='ltr'> </span> 
     </span>
    </p>
   </div>
  </div>
 </body>
</html>
