1786 3126
323 145 402 193 162
741 142 1021 190 VALESII
1077 145 1311 190 NOTAE

325 279 408 324 que
427 271 518 314 etat
536 264 723 321 gestum,
743 263 938 319 pluribus
966 262 1085 304 libris
1118 263 1356 320 scripserat,
1387 264 1493 308 teste
1521 265 1732 323 Dionylio

322 328 463 373 Halic.
479 328 556 372 Tib.
573 343 605 370 1.
626 338 669 370 et
687 325 906 382 Stephano
924 326 1157 381 Byzantio.
1219 327 1358 369 Prima
1384 327 1469 370 hoc
1496 327 1731 372 sacerdotio

323 391 472 435 funeta
490 392 550 434 est
575 389 818 446 Callithya‚
854 389 926 430 seu
947 388 1187 443 Callithoe,
1224 389 1417 431 Piranthi
1447 389 1560 446 filia,
1589 399 1640 434 vt
1672 394 1732 435 ait

323 453 532 498 Eusebius
551 457 595 496 in
618 452 859 507 Chronico,
893 465 1073 493 numero
1096 457 1183 504 376.
1205 452 1257 492 de
1275 466 1357 508 qua
1386 451 1579 508 Scaliger
1595 454 1731 498 multa

322 518 382 560 ibi
409 517 643 559 adnotauit.
704 517 858 571 Longo
890 515 1044 555 dehinc
1074 514 1305 557 interuallo
1333 515 1427 571 post
1453 515 1732 572 Hypermne-

323 581 406 623 stra
428 580 563 623 Danai
582 580 670 621 filia
690 580 798 634 apud
818 578 963 632 Argos
988 577 1225 619 sacerdotio
1245 574 1392 620 funeta
1410 578 1494 632 est,
1517 586 1566 622 vt
1587 579 1733 624 scribit

322 644 439 686 idem
458 643 693 685 Eusebius
683 656 727 683 in
746 641 986 694 Chronico,
1009 653 1187 681 numero
1206 651 1279 689 58¹-
1320 639 1566 684 Tertiam
1553 643 1731 685 inuenio

322 708 573 763 Alcyonem
594 705 756 760 aliquot
780 703 988 746 aetatibus
1011 711 1109 744 ante
1127 703 1283 745 bellum
1293 704 1554 759 Troianum,
1574 705 1627 747 de
1646 717 1732 761 qua
1785 717 1786 749 ἐ

323 768 559 824 Dionyfius
576 768 712 810 Halic
738 767 808 809 lib.
822 781 852 808 1.
874 763 919 809 τδ
943 767 1017 819 μὲν
1047 760 1094 809 ἓν
1113 762 1315 810 Σικελικδν
1334 762 1498 819 γένος“’
1471 783 1573 817 πως
1599 767 1733 820 ἐξέλι-

323 850 402 877 πεν
423 831 613 885 Ἰταλίαν,
635 832 684 879 ὥς
704 832 778 883 μὲν
794 824 1022 877 Ἑλλάνικός
1044 833 1157 886 φησι,
1180 829 1291 888 τρίτη
1312 827 1430 886 γενεᾷ
1447 825 1636 888 τρὸτερον
1654 847 1734 883 rm
1784 821 1786 868 l

321 897 365 941 T
364 913 523 954 protum,
542 889 752 948 Ἀλκυόνης
773 892 1067 950 ίερκτευοιιένης
1098 888 1161 935 ἐν’
1161 887 1291 950 'Apyex
1311 889 1417 936 aaron*
1445 910 1491 938 το
1521 892 1636 938 ἕκτον
1658 895 1731 952 ami}

323 955 471 1004 enos-&1
495 958 595 1013 ἔτος.
654 955 798 997 Locus
840 955 1057 996 Hellanici
1099 962 1215 997 extat
1252 955 1365 1011 apud
1403 955 1729 1000 Constantinum

322 1021 396 1064 lib.
424 1035 457 1063 2..
482 1008 741 1062 Thematum
768 1020 813 1059 in
845 1016 1002 1059 Sicilia.
1065 1018 1270 1068 Quartam
1298 1019 1468 1074 reperio
1499 1018 1729 1062 Admetum

321 1083 557 1138 Eurysthei
580 1081 736 1134 filiam,
767 1094 876 1136 quae
900 1081 946 1121 id
974 1081 1259 1124 sacerdotium
1293 1081 1480 1125 obtinuit
1505 1095 1642 1125 annos
1667 1094 1729 1132 38.

322 1146 418 1202 post
441 1158 566 1199 quam
589 1143 824 1185 sacerdotes
846 1143 1024 1184 Iunonis
1054 1143 1247 1198 Argiuae
1282 1144 1480 1186 Phalides
1523 1146 1729 1202 deinceps

323 1207 421 1250 sunt
444 1205 608 1258 dittae,
638 1213 685 1247 vt
704 1205 846 1248 scribit
864 1205 1106 1248 Eusebius
1095 1220 1139 1247 1n
1159 1209 1377 1262 excerptis
1398 1207 1658 1264 Scaligerip.
1673 1223 1729 1258 3¹·

323 1265 557 1319 Ἀδοιμοῖντσι
578 1263 762 1325 &valon-779
783 1268 1000 1342 Εὐρυθέως
1019 1274 1062 1311 ἐν
1071 1263 1216 1326 ’Ἄργει
1235 1266 1467 1327 ἵερσῖτευεν*
1450 1270 1520 1326 ε’τη
1531 1274 1592 1328 λη.
1625 1273 1666 1328 a?
1685 1273 1729 1316 δὲ

322 1330 406 1377 οἷπο
425 1329 567 1388 ταύτης
587 1349 658 1388 την
681 1325 881 1405 ἴερωσυνην
897 1327 1166 1385 διαδεξάμενοᾳ
1189 1332 1356 1383 ψαλίδες
1373 1330 1574 1377 ἐκαλέντο.
1609 1334 1730 1390 Lege

323 1391 501 1452 οἶδμῆτη,
519 1408 605 1436 non
627 1388 849 1445 α’δοιμοέντα.
912 1392 982 1434 Sic
1006 1393 1120 1434 enim
1142 1392 1254 1436 dista
1285 1395 1345 1437 est
1374 1394 1605 1450 Eurysthei
1636 1397 1728 1439 filia

323 1472 376 1499 ex
395 1458 667 1512 Apollodoro
688 1456 759 1498 lib.
779 1470 815 1499 2.
836 1455 1037 1499 Biblioth.
1068 1463 1113 1498 et
1142 1457 1276 1500 Isacio
1309 1457 1520 1499 Tzetze'
1509 1472 1555 1500 1n
1581 1458 1617 1500 L
1653 1474 1730 1502 co·-

319 1520 543 1576 phronem
603 1519 723 1560 Haec
749 1519 930 1560 Admeta
950 1519 1043 1573 post
1066 1526 1250 1560 mortem
1270 1520 1500 1576 Eurysthei
1519 1521 1569 1562 ab
1641 1523 1730 1578 rgi-

315 1582 389 1625 uis
410 1581 609 1637 expulsa,
642 1581 811 1622 Samum
831 1581 872 1622 se
891 1582 1080 1637 recepit,
1108 1583 1152 1623 in
1180 1595 1315 1637 eaque
1343 1583 1477 1624 insula
1504 1585 1652 1627 aedem
1676 1599 1726 1627 ac

319 1645 592 1687 simulacrum
610 1643 787 1687 Iunonis
820 1644 1074 1699 custodiuit,
1106 1654 1154 1686 vt
1180 1653 1323 1687 narrat
1350 1645 1613 1690 Menodotus
1645 1646 1725 1690 Sa·

310 1710 432 1749 >mius
457 1709 564 1769 apud
595 1706 868 1748 Athenaeum
899 1706 969 1748 lib.
999 1719 1049 1755 ις
1107 1706 1207 1749 Fuit
1234 1715 1279 1748 et
1305 1708 1506 1764 Cydippe
1528 1709 1726 1754 sacerdos

305 1769 501 1814 “Iunonis
525 1752 743 1824 Argiuae,
780 1769 900 1810 cuius
931 1769 1009 1810 filii
1041 1768 1211 1812 Cleobis
1240 1777 1284 1810 et
1314 1770 1463 1825 Biton,
1492 1772 1652 1827 pietate
1679 1773 1727 1816 in

305 1837 500 1874 'matrem
521 1832 818 1873 memorabiles
838 1831 979 1885 fuere,
999 1832 1101 1874 teste
1119 1831 1303 1888 Hygino
1315 1832 1394 1877 fab.
1407 1847 1500 1884 244.
1523 1841 1568 1876 et
1578 1835 1726 1880 Palae-

318 1896 483 1952 phato
473 1909 516 1937 m
535 1895 620 1936 fine
641 1895 711 1937 lib.
734 1909 766 1936 1.
833 1894 1049 1938 Postremo
1067 1893 1242 1949 Chrysis
1274 1896 1517 1938 recensetur
1547 1911 1586 1938 a·
1601 1897 1727 1941 Thu.

305 1958 480 2014 *cydide
503 1966 546 1999 et
566 1958 673 2010 aliis,
707 1957 830 1999 cuius
850 1971 962 1998 anno
990 1965 1051 2008 48.
1073 1964 1278 2012 coeptum
1310 1959 1370 2001 est
1400 1958 1728 2015 Peloponnefia-

319 2033 417 2062 cum
436 2020 607 2062 bellum.
643 2034 755 2060 anno
778 2027 922 2062 autem
942 2019 1035 2060 eius
1056 2019 1155 2061 belli
1176 2034 1293 2061 nono
1315 2035 1409 2063 cum
1428 2022 1633 2077 templum
1649 2022 1724 2068 Iu.

259 2099 262 2102 ’
316 2083 445 2125 nonis
471 2096 548 2138 per
581 2083 814 2124 sacerdotis
853 2083 1164 2137 negligentiam
1191 2082 1510 2139 conflagrasset,
1549 2084 1724 2142 Chrysis

315 2145 557 2187 Phliuntem
581 2146 622 2185 se
644 2145 867 2200 proripuit.
909 2146 1001 2200 post
1031 2146 1154 2186 cuius
1181 2143 1328 2198 fugam
1361 2145 1558 2188 Phaeinis
1584 2149 1724 2193 sacer·-

316 2208 396 2249 dos
419 2223 472 2250 ex
495 2208 595 2262 lege
612 2215 736 2262 capta
762 2207 845 2261 est,
875 2215 922 2248 vt
941 2214 1150 2249 memorat
1178 2207 1378 2262 Thucyd.
1407 2208 1461 2249 in
1482 2209 1570 2251 fine
1586 2211 1660 2256 lib.
1682 2229 1723 2265 4.

315 2269 446 2326 Saepe
476 2278 617 2312 autem
648 2270 863 2326 dubitaui,
883 2283 937 2310 ne
965 2270 1076 2324 apud
1097 2267 1335 2324 Georgium
1357 2269 1610 2326 Syncellum
1635 2289 1720 2347 *pro
1761 2310 1765 2314 .

315 2333 507 2388 ψαλίδες,
529 2332 759 2387 legendum
781 2332 831 2373 fit
859 2333 1086 2387 (primiciae,
1119 2332 1171 2374 ab
1199 2332 1279 2373 hac
1304 2332 1558 2392 Phaeinide,
1592 2338 1718 2381 cuius

315 2396 508 2437 meminit
534 2395 833 2450 Thucydides.

433 2457 617 2499 Ibid.11.
651 2451 924 2509 Ὀπιιθοδόμες
971 2451 1126 2511 ςήλας.)
1200 2456 1446 2511 Legendum
1485 2458 1716 2516 ὄπιθοόὄμρ
1751 2513 1754 2515 ,

317 2522 420 2576 quid
441 2530 583 2563 autem
602 2520 653 2561 fit
673 2515 832 2562 ὀπιθόδ.
854 2518 979 2560 docet
999 2517 1140 2561 Varro
1167 2519 1238 2562 lib.
1257 2535 1296 2570 4
1320 2521 1373 2562 de
1405 2522 1556 2577 lingua
1585 2525 1717 2568 latina
1752 2539 1755 2554 ²

257 2604 259 2606 ·
315 2584 361 2625 in
385 2583 558 2625 aedibus
572 2583 694 2624 sacris
713 2589 812 2623 ante
832 2580 996 2634 cellam,
1016 2580 1086 2620 vbi
1111 2581 1230 2623 sedes
1253 2583 1324 2624 dei
1349 2584 1467 2638 sunt,
1489 2583 1720 2630 Graecidi-
1748 2591 1755 2599 ”

315 2653 420 2688 cunt
464 2643 705 2703 πρόδομον,
721 2643 838 2699 quod
876 2643 969 2698 post
1008 2640 1260 2695 ὀπισθόδομον.
1329 2644 1536 2690 Similiter
1562 2648 1716 2693 Pollux
1747 2683 1749 2686 -

315 2708 426 2750 libro
450 2722 483 2750 1.
518 2725 563 2751 το
590 2710 634 2751 δὲ
658 2723 733 2764 προ
760 2702 861 2749 azir?
887 2702 986 2762 σηκέ
997 2702 1226 2775 πρόδομος,
1260 2708 1331 2766 γρᾷ
1357 2707 1404 2752 τὲ
1433 2727 1597 2755 aaron„
1628 2714 1720 2757 3¹7-
1740 2704 1750 2738 ς

313 2767 499 2825 οθόδομος.
655 2789 677 2799 ·»
1737 2770 1758 2810 8·

1537 2833 1644 2880 Ibid.
1665 2832 1747 2881 122⁵
1744 2875 1749 2881 ,,

1738 2931 1751 2974 3»,
