1786 3126
309 120 400 185 660>
747 114 1277 161 DEDICATIO

313 241 383 305 gia
404 247 498 291 tua,
524 245 567 280 et
586 243 652 280 tot
676 234 996 298 prouinciarum
1018 244 1165 298 caput,
1191 232 1297 278 haec
1313 228 1494 281 iustitiae
1515 244 1560 281 et
1579 229 1718 280 musa-

314 323 412 355 rum
431 302 568 361 sedes,
600 302 670 348 hic
687 303 885 366 Europae
906 299 1092 358 ocellus,
1124 302 1290 347 Lutetia
1320 313 1418 356 tua,
1450 299 1719 368 illaquidein

314 372 418 425 fidei
439 371 535 419 suos
557 387 654 438 erga
673 373 888 436 principes
907 367 1074 435 semper
1097 382 1248 427 tenax,
1275 365 1348 416 sed
1368 387 1460 418 non
1480 367 1647 437 semper
1665 369 1742 418 li-¹>

316 443 446 499 bera,
467 454 645 505 vtroque
673 456 695 485 a
725 453 768 485 te
795 436 954 485 seruata
984 437 1145 496 modo,
1180 451 1268 484 vtra
1294 455 1348 486 ex
1367 434 1503 486 caussa
1524 437 1619 505 plus
1639 438 1719 487 tibi

318 511 494 567 debeat,
525 514 734 556 incertum
765 508 902 554 habet.
970 509 1114 554 Deum
1147 505 1462 556 immortalem!
1497 524 1604 574 quae
1634 505 1721 554 fuit

318 578 539 630 illiusssdiei
558 575 715 643 species
728 615 740 637 ‚
762 593 850 643 quo
869 575 1018 623 vrbem
1042 594 1124 624 nec
1141 580 1393 642 opinantem
1407 613 1422 635 ‚
1449 588 1515 624 tot
1533 589 1721 625 armato-

318 668 415 699 rum
436 646 624 695 millibus
643 644 838 711 stipatus,
850 643 1092 711 compofito
1102 658 1144 693 et
1162 642 1359 693 modesto
1369 641 1576 712 ingress'us
1586 648 1723 712 agmi-

250 759 254 763 .
319 736 401 776 ne,
434 716 520 764 fine
541 714 631 762 vllo
658 728 848 770 terrore,
879 713 966 760 fine
986 713 1069 761 vlla
1088 712 1355 781 direptione,
1386 712 1474 762 fine
1496 713 1580 762 vlla
1606 731 1723 762 noxa

319 787 396 836 tibi
421 785 538 834 illam
557 780 756 832 afferuissi
768 821 781 840 ,
798 781 1034 833 libertatem
1052 782 1171 832 suam
1193 782 1272 850 ipfi
1293 779 1509 832 reddidisti
1521 819 1534 842 ,
1550 777 1739 832 hostem¹

321 869 545 904 externum
558 891 573 912 ,
595 856 713 900 cuius
731 849 941 918 praesidio
961 857 1125 918 captiua
1146 851 1389 911 tenebatur,
1407 849 1496 900 fine
1517 850 1723 910 tmuultu,

321 924 414 974 fine
434 923 582 979 caede,
601 920 689 969 fine
707 918 937 987 sanguine,
962 925 1118 987 partim
1135 926 1328 968 nouitate
1350 919 1559 988 exempli,
1582 924 1653 969 cui
1671 919 1724 969 fi·

322 993 427 1043 mile
445 993 552 1039 nihil
573 1003 684 1037 aetas
706 988 789 1035 vlla
811 1007 1014 1055 vmquam
1038 989 1225 1047 viderat,
1244 995 1475 1038 attonitum
1493 1003 1537 1038 et
1554 990 1722 1056 stupen-

319 1076 439 1118 tem,
471 1063 629 1127 partim
648 1062 839 1105 nominis
859 1063 923 1106 tui
941 1072 1100 1108 terrore
1121 1058 1363 1126 perculsum
1382 1072 1424 1107 et
1445 1063 1609 1107 virtutis
1629 1074 1728 1107 tuae

322 1129 511 1181 fulmine
531 1125 744 1192 afflatum,
763 1131 878 1173 exire
899 1131 1176 1195 praecipitem
1188 1166 1203 1185 ‚
1220 1141 1262 1175 et
1280 1126 1411 1195 longe
1437 1140 1644 1176 terrarum
1663 1125 1729 1176 fa-

326 1196 482 1248 cessere
506 1195 702 1263 coegisti!
739 1199 832 1262 quis
857 1207 995 1244 tantae
1022 1201 1086 1244 rei
1113 1198 1368 1245 miraculum
1393 1201 1540 1245 animo
1563 1212 1729 1264 capere,

326 1268 493 1317 nedum
521 1266 666 1332 eloqui
696 1262 791 1312 satis
816 1269 966 1330 queat?
1010 1269 1126 1312 cuius
1155 1266 1266 1312 vrbis
1295 1270 1464 1313 ruinam
1494 1282 1646 1314 omnes
1675 1269 1730 1314 ti-

327 1351 526 1387 muerant
539 1376 550 1395 ‚
585 1352 679 1381 eam
699 1331 786 1380 sola
804 1333 985 1380 laetitiae
1005 1331 1258 1400 significatio
1277 1332 1504 1383 declarauit
1516 1331 1599 1382 effe
1610 1351 1730 1383 com-

331 1421 511 1455 motam.
578 1407 638 1451 Vt
659 1408 774 1450 enim
804 1402 898 1449 vilis
921 1402 1101 1450 calculus
1130 1401 1351 1461 decoetus,
1382 1397 1431 1450 in
1459 1400 1731 1470 smaragdum

329 1488 541 1532 mutatum
583 1478 640 1520 ita
661 1471 782 1519 miles
805 1485 925 1530 tuus,
949 1471 1024 1519 etfi
1040 1471 1170 1539 longa
1189 1476 1392 1538 patientia
1405 1475 1613 1531 irritatus,
1633 1490 1753 1540 ege-2,

277 1570 280 1576 1
331 1562 436 1600 nus,
457 1544 596 1590 vicstor
615 1555 657 1587 et
673 1542 987 1606 triumphator3
1020 1545 1102 1588 tuis
1132 1555 1277 1589 tamen
1304 1540 1494 1589 moribus
1527 1536 1749 1608 tempera}

333 1626 425 1668 tuS,
462 1626 541 1660 tuo
567 1608 766 1675 exemplo
799 1607 1032 1668 formatus,
1064 1623 1136 1657 tua
1172 1609 1467 1676 prohibitione
1505 1607 1733 1669 cohibitus,
1784 1647 1786 1649 -

333 1685 500 1730 Catone
527 1678 823 1734 abstinentior,
858 1680 1097 1725 Xenocrate
1126 1677 1254 1726 euafit
1281 1683 1572 1727 continentior
1599 1692 1642 1727 et
1667 1698 1735 1727 ca-

334 1750 451 1798 ssior.
520 1749 744 1796 Vissorem
768 1750 900 1813 igitur
924 1760 964 1793 te
988 1748 1152 1794 Lutetia
1172 1746 1280 1794 vidit
1301 1761 1345 1795 et
1371 1746 1614 1814 obstupuit,
1643 1745 1733 1816 ipsa

333 1819 378 1868 se
401 1819 554 1866 vidiam
572 1814 655 1864 esse
678 1833 771 1863 non
792 1814 928 1862 sensit.
962 1816 1123 1863 Vrbem
1141 1830 1187 1864 tu
1205 1815 1376 1883 cepisti,
1394 1814 1482 1883 ipsa
1505 1814 1549 1871 se
1566 1830 1734 1884 captam
1746 1803 1765 1853 -3

337 1885 420 1935 esse
440 1905 531 1933 non
553 1883 744 1933 credidit.
777 1883 885 1931 nihil
904 1890 1019 1932 enim
1040 1903 1190 1933 eorum
1216 1903 1354 1951 neque
1373 1885 1476 1944 tibi,
1498 1896 1638 1953 neque
1655 1899 1750 1934 tuo«

315 1960 317 1963 ’
336 1958 539 2003 exercitui
560 1953 733 2001 voluisti
750 1953 900 2011 licere,
919 1971 1027 2020 quae
1048 1955 1203 2002 vidiori
1226 1958 1272 2001 in
1291 1955 1424 2003 vidos
1448 1953 1590 2002 licent.
1618 1955 1736 2004 nihil

337 2029 471 2091 igitur
490 2022 561 2070 illa
583 2040 736 2070 eorum
757 2021 816 2068 est
836 2038 1031 2087 experta,
1065 2041 1173 2089 quae
1197 2027 1328 2088 captis
1353 2021 1525 2088 oppidis
1547 2022 1648 2071 belli
1670 2028 1735 2070 iu-

335 2110 385 2141 re
414 2091 620 2140 accidunt.
672 2108 702 2136 o
729 2089 1024 2146 fortunatum,
1060 2109 1089 2138 o
1118 2089 1330 2156 auspicem
1369 2090 1562 2157 publicae
1590 2090 1746 2142 salutis·

339 2160 475 2209 diem!
510 2158 751 2226 panduntur
775 2156 884 2205 iuffu
905 2172 982 2206 tuo
995 2158 1139 2206 valuae
1161 2158 1327 2206 aedium
1341 2156 1574 2208 sacrarum:
1619 2162 1735 2218 rech
1762 2196 1763 2199 =

342 2249 368 2279 e
388 2243 512 2296 porta
529 2226 718 2276 maiestas
738 2241 832 2287 tua,
855 2225 971 2292 quod
991 2231 1037 2274 in
1066 2228 1168 2275 vrbe
1196 2227 1532 2295 augussiffimum
1550 2228 1611 2276 est
1626 2243 1734 2278 tem-
1758 2232 1777 2258 ξ’

1767 2265 1777 2283 ,5

1767 1663 1786 1787 i

1770 1914 1786 2096 l

1779 2126 1786 2148 ἰ

1767 2196 1783 2226 “1

341 2296 488 2367 plum,
507 2296 617 2344 adit:
651 2300 730 2342 aris
752 2294 977 2342 aduolutus
1000 2297 1162 2344 audiori
1185 2297 1308 2343 huius
1329 2301 1502 2364 imperii
1523 2311 1566 2360 et
1581 2297 1736 2346 funda—
1759 2329 1771 2366 3

341 2373 428 2417 tori
452 2384 516 2414 nn
530 2383 558 2414 o
594 2382 710 2412 or'r.
730 2381 862 2411 MAx.
885 2369 1035 2430 gratias
1057 2370 1169 2431 agis:
1203 2378 1323 2413 tuum
1335 2366 1578 2433 exemplum
1592 2385 1760 2434 popu-2¹

343 2437 408 2484 lus
432 2451 526 2483 tuus
558 2439 748 2482 certatim
782 2432 1034 2482 aemulatur:
1069 2435 1119 2481 fit
1149 2432 1373 2482 concursus
1403 2434 1600 2502 Vndique.
1631 2433 1754 2502 quid?

344 2505 507 2554 multa?
539 2508 772 2569 iunguntur
790 2506 903 2548 ciues
932 2503 1092 2549 ciuibus
1106 2541 1118 2560 ,
1148 2516 1188 2550 et
1208 2501 1284 2550 sub
1307 2521 1394 2551 vno
1415 2509 1553 2570 capite
1573 2500 1733 2568 diuerfi
1754 2499 1756 2502 ⁵

342 2581 445 2640 reip.
471 2572 663 2621 membra
685 2568 941 2619 coalescunt:
971 2573 1152 2619 vidiores
1173 2585 1214 2618 et
1226 2566 1328 2620 v'iffl
1344 2576 1436 2639 pari
1449 2571 1577 2620 ambo
1587 2570 1734 2622 fruen-

343 2657 405 2691 tes
434 2642 615 2707 gaudio,
659 2657 746 2687 vno
774 2653 1010 2697 concentu,
1051 2658 1137 2688 vno
1167 2637 1378 2699 clamore,
1407 2640 1603 2704 lacrymis
1630 2651 1735 2707 prae

343 2711 504 2781 gaudio
531 2728 629 2778 per*
637 2726 766 2777 genas
796 2708 1083 2778 manantibus,
1140 2726 1375 2758 rA'rREM
1407 2725 1661 2778 rATnmn
1692 2721 1757 2764 ter

1592 2766 1757 2827 consa-'²-
