1786 3126
1471 0 1485 13 ,

680 62 694 85 Ι
762 91 770 106 'x

1784 137 1786 150 ¹,

1784 170 1786 185 l

335 149 416 201 ηε
651 126 669 143 ¹
747 129 1025 197 vjaLEsn
1083 128 1354 188 NOTAE'

331 259 474 316 uersus
485 258 694 303 Romanos
710 273 796 314 eas,
814 274 922 318 quas
941 265 1035 303 ante
1057 259 1150 303 dixi
1161 295 1173 316 ,
1193 258 1425 314 habentem,
1442 255 1654 303 Bab-ciliae
1670 267 1742 304 tte-'-
1784 244 1786 259 ¹

332 339 414 368 cem
435 330 473 366 et
490 323 635 366 bellum
660 335 688 366 a
710 323 878 380 Quintio
904 324 1106 367 Coroneae
1122 330 1296 380 propter
1315 322 1433 366 Rom.
1456 323 1631 366 militum
1652 336 1742 366 caa-

333 387 406 430 des
422 387 608 442 illatum,
630 400 778 429 reuera
793 401 870 443 per
891 388 1021 430 multa
1048 390 1132 429 iam
1151 386 1319 443 saecula
1342 385 1498 441 publice
1518 387 1742 442 priuatim-

331 446 408 508 qite
424 450 580 492 labente
599 451 769 506 egregia
792 450 997 507 quondam
1014 450 1222 506 disciplina
1238 450 1386 505 gentis.
1746 488 1748 490 .

451 514 558 556 Ibid.
581 526 634 561 19.
667 516 726 558 Οἱ
741 512 818 557 τῶν
827 512 1001 558 Βοιωτῶν
1010 512 1272 570 ”Αρέαντες.)
1305 511 1658 557 Existimaueram
1678 511 1740 554 lo-

335 577 527 632 gendum
554 575 636 617 esse
652 572 898 634 '‘Amata-sc.
967 577 1050 619 Sed
1079 577 1229 618 Liuius
1257 590 1282 618 v
1317 575 1478 631 lgatatn
1505 573 1740 618 lestionem
1780 601 1781 609 η

296 666 300 671 -
334 641 509 683 videtur
528 640 662 681 tueri:
695 639 751 681 fic
777 642 888 682 enim
910 642 1065 696 vertit,
1088 638 1249 682 obuiam
1327 639 1406 695 usis
1423 637 1740 695 vndiquoeo-
1782 659 1786 692 ι,

335 704 417 744 tiae
432 701 706 757 principibus,
731 701 888 745 Thebas
907 705 1027 746 venit,
1091 702 1239 758 Itaque
1256 704 1298 744 id
1316 702 1362 743 in
1384 702 1513 745 dubio
1531 701 1740 757 relinqui·
1784 694 1786 743 ἶ

335 779 445 807 mus.
481 765 679 808 Ceterum
700 767 893 820 proxime
914 774 1011 808 ante
1033 767 1116 807 hoc
1138 773 1265 821 caput
1285 765 1491 807 collocari
1513 765 1638 808 debet
1650 763 1739 820 cap.
1776 780 1786 815 ¹,

337 842 391 872 η.
412 829 679 884 legationum
699 829 892 885 polybii,
913 837 958 872 vt
979 844 1033 871 ex
1045 829 1153 870 Liuii
1172 829 1283 870 libro
1304 833 1361 877 36.
1390 828 1490 871 satis
1510 827 1660 884 liquet.
1784 826 1786 876 ζ

455 891 562 933 Ibid.
586 901 644 938 28.
679 888 744 936 ΤΞ
764 892 1030 950 Πασιςροίτε.)
1064 892 1147 933 Hic
1170 893 1294 934 locus
1322 892 1485 946 legitur
1517 891 1629 947 apud
1645 883 1786 954 sui'ii

336 955 434 996 dam
452 955 498 996 in
517 950 828 1013 εὐαρμοςότερος.
873 956 1021 997 Liuius
1037 963 1179 997 tamen
1202 969 1299 997 eum
1318 953 1610 998 Paufistratum
1630 953 1742 995 sem·
1763 955 1786 1008 I'j

333 1031 408 1073 per
429 1018 642 1072 appellat,
660 1018 732 1060 lib.
754 1032 793 1066 33
828 1019 969 1073 initio,
1000 1027 1044 1060 et
1074 1020 1119 1060 in
1146 1018 1233 1059 fine
1263 1018 1335 1059 lib.
1355 1024 1413 1066 36.
1446 1026 1491 1060 et
1514 1018 1560 1059 in
1587 1016 1659 1060 lib.
1681 1024 1742 1068 37.

335 1080 469 1134 Apud
480 1079 742 1134 Polyaenum
760 1082 830 1125 lib.
847 1095 894 1123 v,
914 1081 1080 1136 strateg.
1101 1080 1527 1138 ΝαυσίςρατοςῬοδΙων
1542 1075 1743 1138 ναύαρχος
1779 1076 1786 1122 :³

334 1142 491 1183 dicitur
510 1151 737 1196 corrupte,
759 1158 855 1186 cum
876 1145 1147 1202 Παυσίςροετος
1169 1144 1256 1185 dici
1284 1144 1447 1186 debeat.
1507 1142 1561 1185 In
1579 1142 1744 1199 Appia·

335 1204 381 1246 ni
403 1203 619 1259 Syriacis,
651 1205 928 1261 Παυσίμαχος.
1764 1205 1781 1267 ζ

454 1266 556 1309 Ibid
578 1279 633 1316 35.
658 1263 784 1325 ’Άρτι
805 1264 916 1324 γάρ.)
950 1268 1072 1310 Hanc
1094 1269 1317 1323 periodum
1338 1269 1409 1310 hic
1423 1269 1561 1312 adieci
1580 1282 1633 1310 ex
1646 1265 1744 1310 Sui·
1762 1267 1786 1324 ³.ss

336 1330 416 1371 dae
436 1329 599 1382 lexico,
632 1331 706 1385 qui
739 1331 783 1372 in
818 1345 924 1373 voce
954 1327 1138 1389 διάληψις
1167 1331 1283 1374 hunc
1312 1332 1459 1374 locum
1490 1331 1660 1375 adducit
1687 1342 1742 1371 ex
1775 1325 1786 1378 ᾗ

334 1393 456 1434 libris
478 1401 785 1448 excerptorum
818 1395 908 1452 περὶ
934 1391 1098 1448 ’γνωμῶν
1129 1393 1395 1437 Constantini
1430 1394 1563 1437 nostri
1589 1391 1743 1450 procul
1785 1406 1786 1427 l

336 1455 479 1498 dubio.
1774 1464 1786 1501 ,ἶ

452 1528 511 1569 87.
535 1533 563 1560 ι.
598 1517 673 1560 Am*
688 1515 1059 1575 τηνπεριπέτοιαν.)
1092 1517 1746 1575 Intellig1tfraudem,quaPau·
1764 1517 1786 1579 J

334 1580 518 1622 fistratus
538 1594 561 1620 a
581 1580 848 1636 Polyxenida
867 1584 1011 1637 regiae
1030 1582 1166 1624 claffis
1184 1582 1404 1638 praefecto
1425 1584 1742 1627 circumuentus
1770 1577 1786 1646 j

336 1657 434 1684 curn
470 1643 556 1685 suis
579 1645 729 1698 periit,
759 1647 1114 1699 quemadmodum
1147 1653 1288 1687 narrat
1308 1646 1458 1687 Liuius
1483 1645 1554 1689 lib.
1574 1657 1634 1696 37.
1668 1643 1744 1700 qui
1784 1648 1786 1694 ξ

335 1705 583 1748 Paufistrato
597 1706 833 1748 Eudamum
853 1721 899 1748 ac
913 1708 1220 1763 Pamphilidam
1242 1708 1511 1751 substitutum
1521 1707 1604 1749 effe
1623 1706 1746 1751 dicit.
1767 1695 1786 1751 ,Ἀ

454 1767 557 1811 Ibid.
579 1783 613 1817 3.
644 1766 878 1826 Διοφάνης.)
923 1771 1042 1812 Haec
1074 1770 1127 1812 T.
1150 1770 1301 1812 Liuius
1330 1771 1390 1812 ita
1418 1771 1550 1812 vertit
1581 1770 1650 1812 lib.
1680 1769 1742 1817 36.

336 1831 424 1872 Per
446 1830 605 1872 eosdem
625 1831 712 1872 dies
722 1831 894 1874 Elaeam
915 1847 968 1875 ex
980 1831 1142 1874 Achaia
1159 1833 1267 1875 mille
1283 1832 1442 1889 pedites
1467 1847 1555 1875 cum
1587 1837 1744 1875 centum

334 1893 535 1949 equitibus
561 1891 779 1949 Diophane
808 1896 991 1938 omnibus
1011 1897 1065 1937 iis
1092 1897 1218 1951 copiis
1241 1896 1466 1952 praeposito
1494 1893 1749 1953 acceffirunt.

334 1958 519 1998 veterani
541 1970 677 1998 omnes
698 1963 736 1998 et
751 1960 879 2013 periti
899 1958 991 2001 belli
1002 1964 1146 2013 erant,
1167 1965 1205 2001 et
1223 1958 1304 2016 ipse
1320 1959 1409 2001 dux
1419 1957 1744 2015 Philopoemenis

328 2017 479 2074 summi
499 2024 584 2060 tum
605 2021 781 2061 omnium
799 2022 1052 2064 Graecorum
1071 2024 1334 2077 imperatoris
1352 2021 1592 2079 disiripulus.
1614 2021 1750 2064 Eius-¹
1779 2051 1786 2055 η

337 2082 434 2123 dem
457 2082 696 2136 Diophanis
718 2084 909 2138 elogium
931 2086 1061 2127 habes
1094 2099 1184 2141 cap
1209 2100 1268 2135 4¹·
1289 2085 1582 2140 legationum.
1624 2083 1677 2126 ‘O
1698 2084 1752 2127 δὲ·

335 2141 571 2202 Διοίῐὴπιίιηςἶ
551 2163 570 2188 ο
592 2148 918 2205 Μεγαλοπολίτης
946 2145 1158 2206 ἅνθρωπος
1180 2145 1525 2205 ςροιτιωτικοῦτερος
1548 2139 1743 2202 abihu*
1717 2164 1743 2204 η

336 2203 636 2264 πολιτικωτερος
659 2217 743 2250 etc.

454 2269 559 2312 Ibid
582 2285 635 2320 19-
669 2272 917 2328 Μοοιγέτης.)
966 2271 1032 2314 De
1059 2272 1143 2313 hoc
1174 2272 1326 2326 regulo
1358 2248 1569 2314 videndus
1589 2259 1648 2315 est
1665 2270 1751 2314 Li-

336 2332 435 2374 uius
455 2333 523 2376 lib.
543 2343 597 2380 38.
622 2340 664 2375 et
682 2347 772 2389 cap.
785 2350 905 2377 xxx.
927 2336 1194 2389 legationum
1218 2335 1411 2391 Polybii,
1430 2336 1546 2391 quod
1564 2335 1741 2391 quidem
1782 2275 1786 2440 ἰ

337 2396 437 2437 huic
461 2396 603 2437 nostro
626 2396 869 2451 fragmento
889 2411 1129 2439 connexum
1156 2397 1277 2439 fuisse
1296 2406 1483 2454 apparet.
1544 2397 1645 2440 Fuit
1664 2411 1749 2443 aus
1784 2442 1786 2464 Ι

337 2466 427 2500 tem
449 2459 491 2500 id
519 2472 676 2500 nomen
705 2460 930 2514 Moagetes
961 2460 1169 2501 familiare
1203 2463 1401 2517 tyrannis
1432 2459 1743 2517 Cibyratarum.
1784 2466 1786 2492 ³

336 2521 407 2564 Sic
432 2521 543 2563 enim
563 2520 701 2563 distus
721 2522 780 2564 est
800 2523 976 2566 Vltimus
996 2524 1093 2577 ille,
1112 2537 1197 2578 quo
1220 2525 1341 2579 pulso
1361 2523 1639 2566 Mithridatici
1650 2523 1742 2567 bel-

335 2583 366 2624 l.i
389 2585 652 2639 temporibus
675 2584 866 2627 extincta
887 2586 945 2627 est
966 2599 990 2626 a
1010 2586 1188 2628 Murena
1212 2587 1411 2642 tyrannis
1425 2578 1746 2644 Cibyratarum,

335 2647 439 2689 teste
467 2647 687 2690 Strabone.

453 2719 507 2757 88.
530 2724 585 2758 23.
620 2711 758 2767 Μέχρι
781 2707 851 2768 τῆς
869 2709 1052 2754 rasum
1043 2705 1138 2765 fixa)
1182 2711 1232 2753 In
1263 2710 1415 2754 Suidae
1444 2711 1590 2753 lexico
1618 2690 1717 2754 ‘addi

334 2774 489 2830 tux->jae
483 2774 570 2831 ’μιᾳ
607 2774 722 2829 quod
738 2783 878 2815 tamen
891 2787 978 2816 non
996 2774 1151 2816 minori
1167 2774 1374 2830 elegantia
1387 2775 1595 2818 subaudiri
1604 2766 1730 2830 poffit

1603 2847 1662 2887 89·
1682 2849 1728 2886 14
