1786 3126
299 109 381 160 380
574 100 951 149 HISTORIAE
997 99 1436 149 POLYBIANAE

302 222 462 279 Olymp·
495 219 602 277 Aeg·
645 220 747 276 Syr.
793 219 910 266 [ΛΚ.
968 280 1226 325 Ariarathes
1290 272 1584 343 Cappadociae
1615 294 1708 337 rex,

916 345 1070 400 consilio
1103 345 1302 389 Demetrii
1333 347 1447 402 regis
1488 344 1639 398 Syriae
1668 349 1708 386 et

911 408 1072 452 viribus
1090 407 1229 464 pulsus
1251 422 1400 466 regno,
1429 421 1458 450 a
1467 406 1616 465 senatu
1637 420 1706 450 re-

904 471 1073 528 stitutus
1085 473 1149 529 est.

359 537 436 583 IV
520 551 578 592 ³3
686 551 719 590 4
806 548 899 592 597
968 534 1015 576 L.
1027 533 1253 576 Cornelius
1278 534 1512 588 LentuluS,
1533 533 1579 576 C.
1597 533 1710 574 Mar·

911 598 996 641 tius
1028 597 1224 652 Figulus

972 660 1025 702 Hi
1017 675 1052 702 s
1095 659 1201 702 Coss.
1235 659 1394 703 bellum
1421 658 1709 702 Dalmaticum

913 725 1005 779 geri
1025 724 1180 777 coepit.

971 785 1137 827 Caussas
1161 786 1259 827 belli
1278 785 1404 827 huius
1434 783 1563 825 habes
1593 781 1710 824 eclo-

912 864 966 904 ga
992 862 1159 890 cxxiv.
1203 859 1246 890 et
1278 862 1423 890 cxxv,
1460 847 1530 888 vbi
1569 846 1711 888 obser-

912 922 1034 954 uatur
1048 913 1158 953 hunc
1173 909 1291 953 fuisse
1303 925 1457 953 annum
1471 907 1569 952 XII.
1582 922 1607 949 a
1619 904 1712 949 bel-

913 974 945 1019 li
972 975 1122 1016 perfici
1155 975 1251 1016 fine.
1344 972 1447 1015 Erat
1479 980 1571 1014 tum
1603 980 1714 1013 tem-

913 1040 1030 1094 poris
1051 1037 1258 1093 Polybius
1284 1038 1326 1078 in
1351 1035 1595 1078 Italiainter
1607 1047 1714 1075 euo-
1764 1075 1779 1085 ,

916 1114 1037 1142 catos
1075 1114 1125 1140 ex
1161 1100 1345 1150 Achaia3
1408 1099 1478 1140 sed
1530 1097 1712 1138 multum

916 1163 1026 1220 apud
1041 1175 1237 1217 proceres
1251 1163 1469 1203 Romanos
1481 1159 1619 1214 gratia
1638 1171 1713 1200 va-

914 1225 1031 1269 lens:
1050 1227 1191 1281 itaque
1202 1225 1352 1266 Locris
1366 1236 1567 1279 magnum
1579 1223 1710 1264 bene-

915 1288 1065 1332 ficium
1093 1289 1305 1346 impetrat.
1316 1300 1394 1330 x11
1409 1320 1422 1342 ‚
1442 1300 1478 1334 3.

311 1414 479 1460 CLVI

364 1534 391 1585 Ῐ
430 1578 433 1581 ,
523 1555 587 1595 ⁸4
682 1554 718 1594 5
818 1546 911 1594 593
975 1538 1021 1582 P.
1044 1536 1268 1580 Cornelius
1288 1535 1434 1593 Scipio
1459 1535 1627 1593 Nafica,
1656 1534 1717 1578 M.

922 1600 1127 1645 Claudius
1145 1601 1372 1643 Marcellus
1390 1599 1443 1643 ΙΙ.

980 1664 1298 1708 Maffuienfibus
1319 1677 1393 1719 per
1414 1665 1578 1719 legatos
1596 1662 1641 1704 in
1655 1659 1718 1702 fe-

924 1737 1029 1770 natu
1057 1727 1331 1783 querentibus
1361 1728 1414 1768 de
1442 1725 1623 1768 Oxubiis
1643 1722 1717 1766 Li·

923 1792 1124 1846 guribus,
1175 1790 1420 1832 decernitur
1458 1788 1623 1843 legatio
1660 1786 1715 1828 ad

315 1881 319 1889 ‹
920 1868 987 1897 res
1004 1854 1300 1908 inspiciendas.
1315 1866 1482 1895 cxxx-,1

367 1915 425 1962 II
522 1930 585 1975 25
689 1916 725 1959 6
800 1954 802 1956 .
821 1928 910 1973 599
979 1917 1029 1970 Q.
1051 1914 1255 1971 Opimius
1295 1914 1465 1970 Nepos,
1497 1913 1545 1955 L.
1569 1911 1718 1955 Postu-

920 1981 1031 2023 mius
1049 1979 1245 2021 Albinus.

979 2042 1145 2088 Bellum
1173 2046 1321 2082 contra
1351 2035 1545 2080 Oxubios
1582 2034 1715 2092 Ligu-

917 2118 988 2146 res
1000 2104 1173 2158 Opimio
1184 2103 1280 2146 Cos
1292 2102 1526 2143 mandatur.
1530 2113 1716 2143 cxxxu.

918 2168 1110 2222 epitome
1134 2163 1246 2208 Liuii
1264 2175 1423 2209 xnvn.

978 2227 1059 2270 His
1074 2226 1177 2271 Coss'.
1192 2227 1481 2270 Ptolemaeus
1471 2226 1612 2268 iunior
1635 2223 1716 2267 ite-

918 2305 1012 2334 rum
1032 2292 1147 2332 venit
1170 2291 1363 2333 Romam.
1385 2290 1483 2332 ibid.

977 2353 1211 2396 Historiam
1242 2353 1344 2395 belli
1385 2354 1494 2395 inter
1535 2348 1714 2395 Pmfiam

923 2424 967 2458 et
999 2417 1198 2459 Attalum
1229 2430 1276 2457 ac
1311 2409 1592 2457 Nicomedem
1612 2412 1717 2454 Pru-

921 2480 1002 2521 fiae
1034 2479 1191 2532 filium,
1234 2491 1381 2537 pacem
1407 2479 1574 2520 irritam
1602 2475 1715 2516 inter

920 2543 1021 2584 illos
1064 2542 1338 2584 conciliatam
1382 2554 1407 2582 a
1448 2540 1583 2582 tribus
1626 2535 1716 2577 Ro-

923 2605 1060 2646 manis
1090 2605 1271 2659 legatis3
1314 2617 1394 2646 nec
1427 2615 1513 2644 non
1542 2597 1714 2642 caedem

925 2666 1114 2721 Prusiae,
1149 2682 1174 2709 a
1203 2667 1294 2708 filio
1327 2666 1419 2722 post
1444 2675 1573 2706 vnum
1605 2659 1714 2704 alte-

925 2742 1074 2772 rumue
1115 2743 1272 2772 annum
1335 2724 1571 2778 interfecti,
1630 2722 1712 2764 hoc

1553 2786 1712 2840 Olymp.
