1786 3126
309 136 397 181 666
744 133 1285 187 PRAEFATIO

304 261 1718 304 Μ

307 360 905 461 PRAEFATIO
954 363 1051 434 IS.
1098 316 1715 436 CAsAvBoNl.

319 620 321 622 -
711 588 813 636 m:
860 588 1314 636 Paionuzvs

318 693 775 761 ,POLYBII
821 697 1694 770 INTERPRETIBVS

967 832 1063 864 ET

522 917 765 971 NOVA
809 918 988 971 HAG
1033 918 1494 971 VERSIONE.
1649 907 1651 910 ‘
1703 903 1708 983 Q

491 1151 584 1195 ium
604 1146 774 1208 Polybii
790 1150 979 1214 partium
994 1184 1008 1204 ‚
1040 1165 1141 1213 quas
1159 1149 1302 1196 nostra
1325 1149 1431 1196 haec
1442 1146 1577 1196 editio
1597 1144 1715 1214 sepa·
1783 1159 1786 1174 ²

467 1230 574 1265 ratas
596 1216 793 1273 exhibet,
810 1213 900 1263 sola
924 1217 983 1263 est
1004 1220 1154 1274 tertia,
1184 1235 1315 1284 quam
1342 1235 1476 1265 nemo
1492 1229 1590 1264 ante
1614 1233 1711 1274 nos,

296 1348 299 1350 ι
495 1284 616 1354 quod
649 1284 851 1354 equidem
878 1281 1008 1332 sciam
1021 1322 1034 1342 ,
1065 1298 1258 1333 verterat.
1303 1292 1500 1352 priorum
1527 1283 1710 1333 duarum

296 1354 475 1404 latinam
506 1357 907 1422 interpretationem
935 1371 1026 1401 non
1048 1351 1303 1414 defuerunt,
1330 1359 1405 1420 qui
1424 1352 1710 1423 aggredereng-

296 1438 395 1484 tur,
427 1438 472 1472 vt
499 1423 689 1473 diffimili
720 1421 970 1491 propolim,
996 1426 1055 1470 ita
1081 1419 1268 1471 succeffu
1299 1421 1466 1491 dispari.
1543 1425 1710 1471 Primos

295 1498 402 1560 quin
433 1512 487 1542 ue
509 1494 642 1542 libros
670 1498 792 1541 annis
821 1492 978 1540 abhinc
999 1496 1169 1539 circiter
1189 1491 1503 1540 cx.x.Nieolaus
1513 1493 1709 1540 Perottus

294 1564 408 1610 Saxo
431 1563 674 1620 ert-atensis,
691 1561 839 1630 postea
860 1559 1200 1627 archiepiscopus
1221 1563 1492 1628 SipuntinuS,
1512 1557 1622 1610 iussu
1631 1562 1711 1608 Nia-

296 1630 409 1680 colai
429 1634 613 1699 Qinti,
632 1631 849 1697 pontificis
869 1630 1088 1678 literarum
1120 1629 1417 1688 amantiffimi‚
1453 1629 1609 1678 latinos
1641 1626 1709 1678 fe-
1784 1664 1786 1667 -

295 1705 365 1750 cit.
434 1704 566 1749 Partis
589 1697 798 1748 secundae
824 1698 991 1764 eclogas
1005 1736 1019 1755 ‚
1044 1716 1180 1764 quum
1200 1697 1464 1766 Wolfangus
1486 1697 1708 1748 Musculus

295 1783 466 1837 patrum
488 1774 701 1819 memoria
721 1772 885 1835 primus
905 1770 1105 1814 omnium
1127 1764 1230 1815 effet
1260 1772 1583 1834 interpretatus,
1614 1785 1706 1815 non

296 1838 440 1887 multo
458 1837 555 1906 post
574 1836 810 1906 Pompilius
828 1833 1056 1885 Amasaeus
1069 1873 1082 1893 ,
1102 1835 1279 1884 Romuli
1299 1840 1345 1886 F.
1357 1854 1432 1885 cur
1452 1836 1583 1886 telam
1606 1853 1706 1884 ean·
1751 1843 1762 1890 ἓ

295 1906 396 1955 dem
428 1907 572 1955 denuo
606 1919 840 1964 retexeret,
874 1903 1028 1952 iustam
1060 1902 1103 1952 se
1129 1902 1314 1953 caussam
1340 1906 1496 1954 habere
1523 1908 1703 1975 putauit.

294 1989 447 2024 neuter
479 1991 626 2024 tamen
650 1977 806 2024 horum
836 1972 1034 2040 eclogam
1062 1973 1162 2021 libri
1192 1971 1296 2022 sexti
1315 1972 1567 2034 secundam,
1595 1991 1704 2040 quae

294 2044 355 2094 est
376 2044 430 2094 de
452 2045 606 2093 militia
638 2045 860 2101 Romana,
892 2061 915 2090 a
948 2045 1051 2089 lano
1081 2041 1245 2091 Lascari
1273 2040 1552 2102 conuersam,
1581 2040 1702 2091 ausus
1766 2055 1773 2103 g

292 2113 390 2182 post
409 2112 531 2162 illu'm
551 2126 736 2161 tentare:
770 2111 888 2180 quod
908 2109 1012 2158 fecit
1031 2112 1174 2177 postea
1193 2111 1325 2159 Iustus
1348 2111 1539 2175 Lspfius,
1559 2125 1601 2160 et
1620 2130 1701 2159 no-

294 2201 396 2232 uam
418 2188 507 2231 eius
537 2180 767 2249 fragmenti
800 2180 1118 2229 translationem
1151 2179 1297 2232 edidit.
1362 2184 1425 2228 Hi
1456 2178 1577 2239 sunt,
1605 2184 1707 2247 opia·
1768 2173 1776 2211 '¹

293 2270 403 2310 nor,
422 2256 496 2320 qui
513 2265 610 2298 ante
628 2268 706 2297 nos
726 2252 850 2297 huius
872 2264 1099 2314 Vtcumque
1118 2248 1279 2297 decurfi
1301 2268 1324 2298 a
1341 2250 1466 2298 nobis
1485 2249 1699 2308 curriculi,

292 2335 459 2390 partem
489 2320 697 2387 aliquam,
728 2324 939 2367 maiorem
968 2318 1064 2375 alii,
1097 2317 1170 2365 alii
1200 2323 1419 2367 minorem
1450 2317 1698 2368 decucurrea

291 2405 413 2439 runt:
447 2407 597 2438 omnes
612 2393 695 2436 viri
720 2385 1008 2438 eruditiffimi.
1030 2401 1071 2434 e't
1089 2401 1266 2452 propter
1285 2385 1436 2453 scripta
1458 2385 1552 2443 sua,
1588 2404 1696 2454 quae

292 2465 340 2509 in
359 2462 444 2508 hoc
462 2474 532 2507 aut
560 2458 644 2505 alio
665 2475 821 2524 genere
842 2456 1059 2503 literarum
1078 2454 1325 2518 ediderunt,
1344 2455 1426 2504 suis
1436 2456 1608 2506 saeculis
1627 2461 1717 2503 im
1763 2468 1770 2509 ξ

292 2543 359 2578 ter
377 2528 593 2576 eohunina
621 2532 722 2591 reip.
743 2527 951 2573 literariae
971 2526 1117 2572 habiti.
1184 2528 1252 2573 Ne
1281 2531 1374 2594 quis
1401 2529 1532 2593 igitur
1558 2522 1719 2574 confi-¹-

290 2596 403 2646 lium
423 2595 617 2644 nostrum
637 2595 938 2649 calumnietur,
968 2609 1038 2642 aut
1057 2593 1238 2643 leuitatis
1257 2613 1336 2642 nos
1355 2591 1548 2652 arcessat,
1577 2591 1691 2660 quafi

291 2668 432 2716 assum
456 2683 581 2731 agere
600 2664 696 2733 post
717 2679 800 2712 tam
825 2663 995 2711 illustria
1017 2669 1193 2711 nomina
1208 2705 1219 2722 ‚
1239 2663 1327 2711 fine
1346 2663 1448 2711 iusta
1471 2658 1605 2711 caussa
1623 2666 1689 2710 in·
1751 2683 1758 2686 ·

289 2734 578 2796 stitueruuus;
611 2731 751 2783 visum
771 2736 829 2782 est
850 2730 1095 2780 faciendum
1109 2771 1121 2790 ,
1146 2747 1190 2780 vt
1212 2733 1264 2780 de
1278 2738 1469 2800 priorum
1482 2737 1689 2796 inter-pre·

1520 2812 1690 2846 tationi-
