1786 3126
280 130 367 178 810
648 122 879 169 ISAACI
923 125 1310 173 GASAVBONI

281 240 523 298 frequentia
539 242 846 287 accurrebatur.
907 241 1115 286 Insecutis
1137 257 1240 286 vero
1264 243 1524 299 temporibus
1549 245 1682 290 etiam

283 305 335 348 ad
361 305 571 348 circenses
591 318 708 346 more
734 305 927 346 Romano
946 307 1139 360 agendos
1159 306 1382 361 plerasque
1403 307 1525 355 vrbes
1547 305 1684 351 Grae-

281 369 447 412 canicas
473 367 613 410 circos
635 369 679 409 in
702 367 906 409 suburbiis
927 368 1000 411 fibi
1019 368 1206 410 struxiss'e
1219 403 1231 419 ,
1252 369 1368 412 testis
1386 368 1447 411 est
1465 369 1648 417 historia.

400 426 525 486 “Oooq
543 448 590 483 γε
612 433 806 488 {sporadas
831 428 1018 487 πανδημεὶ
1038 428 1149 479 §arde
1175 428 1244 488 τῆς
1267 427 1459 486 τέλειος.)
1499 446 1588 474 non
1613 433 1682 475 so.

282 494 371 537 lum
390 501 511 536 extra
531 507 676 535 muros
694 493 738 534 in
759 493 962 535 suburbiis
990 494 1202 535 sacrorum
1225 494 1412 537 solennia
1430 496 1633 550 quaedam
1654 509 1680 537 a

281 557 429 600 multis
448 556 690 599 ciuitatibus
710 556 864 610 agitari
885 557 991 597 olim
1009 556 1154 605 solita3
1195 571 1341 599 verum
1360 557 1490 599 etiam
1512 558 1557 599 in
1579 571 1680 613 pro-

280 620 408 663 ximis
431 619 552 661 vicis.
589 628 635 661 vt
656 619 704 659 ab
724 619 1057 660 Atheniensibus
1075 618 1255 675 mystica
1276 628 1319 662 et
1337 618 1525 662 Iacchica
1545 619 1680 663 Eleu-

279 683 388 726 fine:
430 695 455 722 a
481 681 710 735 Romanis,
741 682 786 723 in
819 690 968 722 monte
997 683 1189 725 Albano:
1243 683 1295 724 ab
1324 682 1679 726 Antiochenfibus

280 745 392 802 apud
410 743 639 800 Daphnen,
659 744 730 799 qui
750 744 874 786 locus
903 745 1090 799 quinque
1119 744 1304 786 millibus
1334 743 1525 800 paffuum
1554 745 1679 788 dista-

277 807 349 851 bat
373 807 422 849 ab
442 821 592 849 eorum
613 807 734 850 vrbe:
769 807 872 849 licet
890 803 1090 863 προοὲςειον
1099 804 1342 864 Ἀντιοχείας
1358 808 1582 852 diceretur.
1612 815 1680 850 at-

278 885 362 927 que
392 869 495 912 haec
527 870 639 913 sacra
668 869 926 924 neglexisse,
963 870 1224 926 inexpiabile
1255 870 1391 913 scelus
1416 870 1676 915 censebatur.

275 933 445 978 Similes
465 933 573 975 ritus
597 934 705 987 apud
721 932 828 974 alios
849 933 1048 988 populos.

395 993 473 1051 Καρ
508 993 577 1038 cdv
603 992 735 1044 ὅπλοις
765 1011 924 1050 πομπαί
959 995 1271 1052 §ursina-ouras.)
1334 997 1596 1039 ducebantur
1625 996 1678 1038 ab

275 1056 603 1103 Atheniensibus
622 1057 782 1100 variae.
815 1058 1018 1113 quasdam
1037 1058 1236 1100 describit
1246 1059 1491 1114 Xenophon
1509 1059 1679 1115 inHip-

273 1121 491 1177 parchico.

379 1180 481 1225 ”Era
502 1199 575 1238 ’tw
605 1183 695 1239 περὶ
721 1179 795 1230 τοὶς
818 1179 1019 1238 ruffinae
1045 1188 1181 1227 νεωλκι
1175 1184 1267 1238 ἀς.)
1309 1183 1438 1226 Diem
1457 1183 1676 1239 intelligo,

278 1259 364 1302 quo
386 1259 500 1287 mare
518 1244 788 1298 claudebant,
817 1245 997 1287 nauibus
1029 1247 1225 1288 omnibus
1256 1247 1301 1289 in
1335 1254 1490 1298 terram
1521 1246 1677 1288 subdu-

244 1357 246 1359 ,
274 1308 369 1353 ftis.
403 1322 500 1350 eum
521 1308 634 1349 diem
656 1308 853 1349 videntur
876 1304 1028 1349 Graeci
1052 1309 1220 1362 publica
1231 1308 1458 1352 festiuitate
1468 1308 1679 1363 infigniis-

275 1373 343 1421 se;
376 1371 734 1427 quemadmodum
751 1370 936 1411 natalem
964 1371 1278 1425 nauigationis,
1308 1383 1407 1413 cum
1434 1384 1552 1412 mare
1575 1385 1677 1427 ape-

274 1434 485 1487 riebatur,
506 1433 669 1475 solenni
688 1434 942 1487 certamine,
969 1433 1228 1488 publicoque
1252 1431 1495 1488 speetaculo
1522 1434 1678 1476 multa-

272 1511 367 1539 rum
386 1497 580 1551 gentium
600 1495 801 1537 celebrari
820 1496 1013 1550 solitum,
1032 1495 1182 1538 anaor
1203 1495 1262 1538 est
1281 1496 1518 1551 Vegetius3
1551 1509 1678 1551 quem

273 1562 327 1601 de
360 1569 539 1614 vtroque
560 1558 628 1600 die
659 1559 756 1599 vide
787 1558 898 1600 libro
918 1572 988 1600 ιν.
1010 1572 1101 1614 cap.
1124 1573 1299 1600 xxxnr.
1321 1560 1604 1601 meminerunt
1631 1564 1677 1600 et

272 1621 427 1665 Graeci
454 1622 697 1676 scriptores.

377 1679 473 1727 ''Eve
489 1681 566 1740 Ύσὶρ
585 1701 654 1739 χρη
675 1688 718 1726 ἐν
737 1679 866 1738 τοιῷδε
882 1679 1003 1740 καιρῷ
1023 1679 1224 1739 σφαλῆναι]
1241 1679 1310 1732 τὲς
1321 1683 1490 1740 ἑτέρας.)
1521 1680 1676 1725 faffio-

271 1760 371 1790 nem
394 1748 570 1788 alteram
593 1745 824 1788 diffidentis
844 1745 1033 1786 ciuitatis
1059 1753 1182 1786 vocat
1202 1742 1272 1793 τές
1290 1746 1436 1802 ἑτέρας.

388 1808 548 1866 Ἑορτῆς
563 1807 641 1866 vaip
657 1803 755 1866 δῆμε
771 1807 846 1858 ὲῒω
874 1805 944 1863 τῆς
962 1824 1004 1849 τ.
1010 1807 1032 1860 )
1065 1806 1135 1848 Sic
1156 1807 1302 1862 regius
1326 1809 1485 1849 codex·
1473 1837 1486 1857 ,
1530 1808 1674 1850 immi-

270 1882 375 1915 nuta
398 1872 483 1914 fine
503 1872 632 1914 dubio
658 1883 786 1912 voce:
822 1883 918 1913 nam
930 1882 1077 1910 verum
1094 1878 1208 1923 erat,
1241 1867 1373 1927 ἑορτης
1389 1868 1465 1927 wip
1477 1867 1672 1926 πανδῆμε.

385 1931 465 1990 Καί
485 1935 655 1983 αυτοῖς*
675 1929 889 1989 συνηττέτο
909 1929 1052 1986 ότι-λα.)
1104 1933 1174 1973 An
1204 1932 1423 1987 scripserat
1450 1949 1672 1991 συνῃρεντο,

267 1997 339 2040 vel
359 1994 625 2056 συνανῃρέντο.
660 2008 743 2036 vna
760 2008 848 2036 cum
865 1995 1007 2036 ceteris
1022 2006 1143 2037 arma
1154 1992 1400 2050 sumserunt.
1434 2007 1586 2037 vereor
1607 2003 1672 2038 ta-

269 2069 442 2115 men,v
417 2067 466 2101 vt
485 2061 566 2099 hae
586 2056 855 2100 coniesturae
886 2057 966 2098 fint
987 2070 1120 2098 verae.

385 2117 454 2163 Ad
476 2122 615 2176 capita
639 2128 766 2168 18·¹9-
787 2133 850 2163 20.
893 2119 1052 2162 Tribus
1080 2119 1199 2160 hisce
1235 2118 1463 2174 capitibuS,
1507 2127 1553 2163 vt
1582 2120 1670 2163 iam

266 2193 367 2228 ante
386 2185 438 2227 ad
459 2185 655 2239 quintum
674 2183 951 2237 attigimuuS,
980 2182 1031 2222 de
1061 2182 1188 2234 seris,
1216 2181 1491 2237 clauibusque
1524 2190 1672 2238 porta..

265 2259 363 2292 'tum
381 2247 533 2302 agitur.
564 2246 811 2301 aperiuntur
827 2243 998 2287 fraudes
1019 2245 1186 2285 admitti
1207 2244 1381 2299 solitae,
1401 2259 1500 2287 cum
1517 2245 1571 2299 is,
1594 2259 1670 2301 pe.

266 2322 343 2354 nes
379 2322 505 2366 quem
533 2309 626 2351 sunt
661 2308 831 2360 claues,
872 2305 1018 2348 officio
1052 2307 1127 2349 suo
1159 2306 1431 2361 negligenter
1458 2307 1670 2363 fungitur,

266 2384 312 2416 et
344 2370 634 2427 proditoribus
666 2371 757 2415 doli
788 2370 962 2424 parandi
999 2369 1367 2424 opportunitatem
1397 2370 1562 2412 incuria
1594 2370 1666 2411 sua

263 2438 451 2491 praebet.
486 2436 622 2477 variae
642 2435 747 2476 item
759 2434 947 2474 rationes
966 2442 1265 2487 proponuntur
1279 2465 1291 2485 ,
1313 2433 1466 2486 quibus
1487 2432 1667 2474 technae

264 2500 523 2556 perfidorum
546 2495 701 2552 poffint
724 2495 933 2549 impediri.
993 2494 1214 2537 Summum
1239 2507 1342 2535 vero
1363 2495 1596 2536 remedium
1616 2495 1664 2535 in

264 2561 349 2604 fide
371 2573 414 2603 et
443 2560 667 2615 diligentia
698 2558 817 2599 ducis
847 2557 1063 2611 statuitur,
1100 2557 1169 2598 cui
1206 2557 1250 2598 id
1279 2569 1406 2612 curae
1433 2556 1662 2599 incumbit=

261 2633 391 2679 quern
415 2637 543 2678 opera
565 2621 731 2663 aliena
719 2634 762 2662 in
775 2620 1022 2662 claudendis
1038 2619 1334 2674 aperiendisue
1353 2619 1488 2674 portis
1506 2619 1563 2663 vti
1584 2617 1664 2658 de-

260 2682 363 2728 bere
387 2695 515 2740 negat
535 2684 743 2741 praecise·
778 2682 872 2723 vult
893 2683 1005 2723 enim
1027 2682 1164 2736 ipsum
1194 2695 1269 2736 per
1298 2682 1339 2722 se
1365 2693 1518 2723 munus
1542 2679 1661 2722 suum

260 2749 457 2805 ..xsequi3
488 2758 532 2791 et
555 2747 748 2825 quidem,
767 2746 1013 2803 priusquam
1033 2758 1212 2786 coenam
1233 2745 1390 2800 sumat,
1410 2755 1465 2786 ne
1476 2740 1661 2799 quafor-

1607 2810 1654 2845 te

1758 2003 1786 2046 2«.

1775 2015 1786 2043 s

1755 2245 1783 2292 ,ἲς

1745 2376 1786 2594 (
