1786 3126
323 126 409 178 668
753 129 1294 177 PRAEFATIO

321 259 444 310 pres:
475 247 600 308 pauci
625 248 700 311 qui
725 256 914 307 tantum,
939 242 1154 311 quantum*
1175 243 1262 293 ille.
1325 243 1419 292 Nos
1445 259 1551 292 vere
1579 261 1604 292 e
1622 242 1728 293 con:

325 315 459 360 trario
483 310 766 376 affirmamus,
784 317 1008 363 Perottum
1025 332 1049 361 a
1073 313 1211 362 fidelis
1232 317 1472 380 interpretis
1492 311 1618 361 laude
1634 325 1726 361 tan·

324 394 421 430 tum
442 376 602 440 abess‘e,
627 399 835 450 quantum
863 387 937 451 qui
966 381 1221 450 longiffime.
1286 381 1420 452 Qod
1447 388 1565 430 enim
1593 378 1727 429 hodie

324 448 522 516 plurimis
544 449 767 502 vsuuenire
787 451 980 500 videmus
994 488 1009 507 ,
1027 466 1087 499 *vt
1116 451 1341 519 postquam
1359 455 1511 519 primis
1539 451 1726 498 Graecae

326 518 498 586 linguae
517 526 751 587 praeceptis
771 520 947 570 fuerunt
965 521 1142 579 imbuti,
1171 534 1218 569 etv
1232 518 1585 579 communiffima
1599 526 1728 587 quae·

325 605 411 654 que
429 588 631 638 vocabula
662 593 822 639 Graeca
845 594 1055 657 incipiunt
1077 589 1339 657 intelligere,
1372 587 1727 657 perfeaestameius

325 655 499 724 linguae
517 657 595 706 fibi
616 659 838 708 videantur
856 656 938 707 effe
959 659 1102 726 adepti
1121 662 1441 727 cognitionem,
1473 662 1549 725 qui
1579 671 1728 718 reuera

325 729 399 774 vix
421 730 467 773 in
488 733 652 777 cortina
675 729 813 777 adhuc
831 727 1053 789 adfistunt3
1088 727 1217 795 plane
1232 726 1400 776 videtur
1417 731 1546 775 etiam
1555 729 1728 774 Perotto

325 791 533 844 accidiffe.
565 803 633 846 cui
653 797 686 846 si
704 795 880 846 veniffet
909 803 955 845 in
981 811 1174 846 mentem
1201 802 1418 864 cogitare,
1445 810 1652 863 quantum
1674 792 1727 841 ab

326 880 376 911 ea
393 868 551 914 notitia
580 869 733 917 Graeci
754 865 959 916 sermonis
979 863 1160 925 abeffet,
1194 883 1302 927 quae
1321 865 1490 928 Polybii
1520 869 1729 930 interpre-

324 938 539 981 tationem
558 933 751 1003 profeffo
772 936 830 984 est
853 933 1107 993 neceffaria3
1139 954 1195 983 ne
1208 928 1410 984 'Attalicis
1430 932 1606 1003 quidem
1625 946 1730 981 con-

326 999 562 1051 ditionibus
591 1022 617 1052 a
643 1004 829 1054 Nicolao
856 1005 1063 1071 pontifice
1093 1002 1293 1070 potuiffet
1318 1003 1494 1065 adduci,
1525 1015 1593 1064 vt,
1610 1005 1729 1049 cuius
1784 1048 1786 1050 .

326 1072 515 1119 ειιᾶοτίε
534 1090 591 1120 ne
613 1086 745 1120 vnam
765 1073 942 1141 quidem
964 1078 1166 1141 paginam
1187 1075 1302 1122 reste
1327 1072 1614 1141 intelligebat,
1639 1073 1732 1119 eius

326 1144 730 1207 interpretationem
750 1147 797 1190 in
820 1138 865 1190 se
891 1140 1131 1210 susciperet.
1193 1144 1342 1208 Qum
1371 1155 1516 1190 autem
1535 1141 1734 1190 docueri-

327 1226 450 1272 mus,
476 1210 595 1259 nulla
614 1210 714 1271 dote
733 1210 811 1259 infi
841 1208 1012 1259 niorem
1027 1207 1111 1259 effe
1130 1209 1359 1260 historiam·
1377 1210 1573 1274 Polybii,
1601 1225 1732 1276 quam

296 1296 298 1299 ’
327 1293 522 1328 accurata
541 1299 787 1349 pugnarum
838 1278 1117 1347 escriptione,
1137 1293 1180 1327 et
1202 1271 1403 1328 omnium
1423 1297 1579 1328 eorum
1595 1275 1733 1344 expli·

327 1351 523 1408 catione,
557 1348 749 1417 quaead
778 1368 873 1398 rem
902 1349 1137 1397 militarem
1165 1361 1209 1396 et
1236 1350 1436 1398 tafflcam
1461 1352 1732 1415 pertine-nu

327 1417 454 1465 nullo
471 1421 601 1485 padio
619 1417 822 1468 ferendus
841 1431 914 1466 aut
934 1416 1195 1467 excusandus
1208 1416 1270 1466 est
1289 1419 1360 1466 hic
1381 1423 1587 1485 interpres
1598 1454 1613 1476 ‚
1648 1416 1732 1464 ho·

329 1505 411 1534 mo
428 1487 676 1536 bellicarum
696 1507 842 1537 rerum
861 1500 904 1536 et
926 1493 1057 1536 totius
1074 1485 1376 1536 tafflcaeadeo
1397 1485 1523 1534 rudis·
1535 1487 1735 1551 wimpe-

327 1560 435 1604 ritus
449 1594 462 1613 ‚
497 1570 542 1604 vt
561 1562 636 1624 qui
656 1561 705 1605 in
735 1561 884 1606 ceteris
912 1557 1101 1623 partibus
1121 1555 1322 1605 historiae
1345 1555 1601 1618 Polybianae
1622 1550 1734 1601 mul-

328 1637 373 1672 ta
391 1623 596 1688 nesciret,
629 1631 678 1673 in
693 1623 1046 1692 descriptionibus
1061 1625 1321 1692 praeliorum
1333 1629 1482 1672 omnia
1502 1629 1733 1691 ignoraret,
1778 1649 1783 1652 ·

332 1699 480 1743 omnia
498 1708 720 1762 peecaret3
754 1709 882 1762 atque
900 1692 1047 1740 eadem
1069 1710 1201 1759 opera
1220 1706 1343 1741 tanto
1363 1690 1558 1760 scriptori
1570 1732 1583 1751 ,
1615 1687 1737 1758 quod

332 1777 422 1812 erat
441 1762 535 1813 fere
552 1768 830 1831 praecipuum
851 1766 941 1810 eius
962 1761 1111 1822 decus,
1132 1759 1350 1812 adimeret.
1405 1764 1603 1809 Omnino
1614 1772 1736 1827 prae-
1776 1749 1786 1802 l

330 1831 444 1881 lium
473 1832 645 1882 nullum
660 1873 672 1891 ‚
716 1830 882 1895 faginus
911 1831 1097 1879 militare
1130 1829 1298 1879 nullum
1331 1849 1355 1879 a
1380 1830 1564 1894 Polybio
1589 1827 1735 1878 fuerat
1775 1822 1779 1831 ’

330 1902 480 1969 paullo
501 1901 744 1970 diligentius
761 1913 980 1949 narratum
993 1938 1007 1958 ‚
1039 1905 1086 1947 in
1104 1917 1193 1967 quo
1209 1899 1451 1968 grauiffima
1470 1913 1514 1948 et
1533 1904 1735 1947 momen·

331 1976 365 2019 ti
385 1975 563 2018 maximi
583 1984 754 2037 peccata
772 1969 824 2017 ab
843 1971 929 2016 hoc
949 1974 1182 2036 interprete
1214 1986 1306 2018 non
1335 1968 1415 2018 fint
1439 1963 1625 2016 admiffia.
1650 1970 1732 2032 qui

328 2038 506 2108 quidem
526 2043 740 2106 ἐντέχνων
757 2052 799 2086 et
820 2034 1064 2106 disciplinae
1082 2040 1256 2086 melicae
1284 2042 1556 2106 propriarum
1575 2048 1741 2084 vocum

333 2113 535 2156 omnium
547 2106 880 2175 'significationes
892 2145 908 2166 ‚
929 2126 1063 2174 quum
1082 2105 1286 2162 nesciret,
1301 2106 1372 2154 vel
1388 2123 1455 2154 eas
1472 2103 1648 2167 omitit,
1662 2103 1739 2154 vel

336 2186 337 2189 ’
365 2176 503 2226 uiduis
535 2175 677 2236 aliud,
705 2175 884 2243 pessimo
903 2177 1134 2243 exemplo,
1168 2194 1253 2242 pro
1273 2174 1411 2224 verbis
1438 2173 1608 2237 Polybii
1634 2171 1737 2222 sub-

333 2196 480 2296 zituit.
578 2249 649 2294 Sic
702 2248 839 2295 Tom.
879 2251 910 2293 Ι.
954 2264 1050 2312 pag.
1095 2264 1190 2307 270.
1244 2248 1319 2311 qui
1375 2261 1468 2291 non
1521 2238 1732 2310 intellige-
1779 2242 1786 2257 ³

333 2330 399 2367 ret
415 2315 512 2366 illas
537 2313 775 2363 locutiones
790 2353 803 2372 ,
833 2314 883 2383 ἐξ
903 2315 1160 2381 ὁποςροφῆς
1179 2313 1457 2382 αἱνοιχωρὲἶν,
1477 2313 1527 2378 fi
1553 2315 1735 2376 recipere
1784 2319 1786 2322 ’

321 2388 475 2456 finstm
493 2387 630 2435 relato
641 2386 776 2448 pedu
812 2388 942 2440 item,
972 2382 1225 2452 πρόβλημα
1253 2381 1459 2448 ποιεῖθαι
1487 2382 1562 2434 τὸν
1588 2400 1736 2436 ποτω-
1781 2423 1786 2436 .

335 2459 438 2527 μὲν,
458 2452 575 2522 quod
593 2457 722 2500 etiam
742 2450 896 2499 dicitur
924 2457 964 2504 ἐν
994 2450 1203 2519 προβολῇ
1223 2450 1294 2503 τὸν
1325 2451 1556 2518 ποταμὸν,
1596 2451 1739 2502 munii·
1781 2476 1786 2519 ἶ

297 2554 300 2555 ’
334 2529 466 2577 menti
489 2525 745 2590 locoflumm
767 2525 961 2578 obiicere,
994 2518 1224 2586 grauiffimi
1258 2518 1343 2568 loci
1363 2517 1731 2566 sententiam'eor·
1768 2548 1780 2554 κ

333 2598 476 2660 rupit,
505 2606 547 2640 et
569 2589 686 2658 quod
706 2595 752 2637 in
774 2589 1046 2637 memorabili
1064 2587 1319 2636 Hannibalis
1345 2586 1539 2634 facinore
1552 2598 1730 2652 notaue·

333 2676 401 2714 tat
430 2666 554 2709 vnice
586 2659 811 2721 Polybius,
838 2663 883 2705 in
909 2658 1101 2705 verfione
1132 2661 1288 2704 Perotti
1324 2655 1384 2702 est
1412 2653 1732 2703 diffimulatum.
1768 2658 1786 2720 Ξ

334 2731 476 2783 verba
494 2729 663 2795 Polybii
680 2726 797 2778 suut:
834 2732 900 2781 νῦν
923 2722 966 2779 δὲ
989 2730 1322 2798 πραγματικῶς
1349 2718 1430 2787 &off
1460 2726 1657 2802 tamem&t
1681 2717 1732 2787 ἐξ
1764 2720 1781 2773 .'

1635 2811 1739 2840 U7F0·
1780 2814 1786 2821 ¹

1742 2911 1786 3126 Ξ
