1786 3126
305 179 389 228 274
817 163 848 207 Ρ
875 163 918 218 ,Ο
946 162 982 218 L
1007 150 1112 220 ΥΒ
1139 158 1216 219 Ῑ.Ῐ

583 279 627 324 Ε
656 279 708 323 X
762 277 799 322 c
831 278 879 322 A
907 279 948 322 P
979 251 1080 325 151·
1103 278 1145 322 E
1203 274 1453 329 XXIII.-

427 366 636 424 Polybius
660 364 934 408 latitudinem
956 363 1150 420 Europae
1175 363 1225 406 ab
1254 362 1382 407 Italia
1420 363 1474 406 ad
1504 363 1730 408 Oceanum

313 431 483 488 fcripfit
516 429 720 472 vndecies
752 435 935 470 centena
962 427 1079 480 mille
1103 427 1417 483 quinquaginta
1448 425 1556 479 esse3
1597 430 1728 472 etiam

312 502 409 539 tum
419 496 684 548 incomperta
698 491 990 546 magnitudine
1003 492 1112 534 eius,
1147 488 1375 547 alifflleffio,
1387 491 1519 534 vicies
1533 499 1727 537 centena.

661 613 761 661 EX
795 612 1018 661 LIBRO
1062 618 1113 663 V.
1165 612 1317 661 CAP.
1360 614 1399 663 I.

437 704 574 747 Fuere
599 711 643 746 et
667 703 890 745 Hannonis
912 699 1307 759 Carthaginensium
1326 698 1447 746 ducis
1467 706 1735 746 commenta-

320 771 398 823 rii,
429 769 605 812 Punicis
628 767 754 808 rebus
789 765 1091 808 florentiffimis
1121 767 1347 822 explorare
1377 767 1584 810 ambitum
1612 763 1736 807 Afri-

322 847 397 875 cae
417 831 532 874 iusfi:
578 844 701 886 quem
726 828 858 871 secuti
878 830 1070 886 plerique
1098 843 1122 872 e
1152 828 1331 872 Graecis
1359 829 1627 885 nostrisque,
1672 826 1734 869 vad

323 897 404 937 alia
423 895 627 951 quaedam
647 891 858 946 fabulosa,
894 902 938 935 et
962 894 1088 935 vrbes
1107 894 1266 936 multas
1284 893 1334 934 ab
1355 905 1408 936 eo
1427 890 1647 944 conditas,
1675 890 1735 932 ibi

323 959 569 1015 prodidere,
605 965 781 1010 quarum
810 969 889 997 nec
916 958 1124 998 memoria
1151 956 1262 1010 vlla,
1297 966 1379 998 nec
1408 955 1634 1011 vestigium
1661 967 1740 995 ex-

322 1030 399 1064 tat.
460 1019 663 1074 Scipione
683 1018 928 1061 Aemiliano
950 1029 1017 1060 res
1037 1019 1081 1061 in
1113 1019 1263 1062 Africa
1296 1026 1497 1074 gerente,
1527 1013 1740 1074 Polybius

326 1083 545 1124 annalium
566 1082 796 1134 conditor,
831 1082 881 1123 ab
916 1095 968 1123 eo
988 1091 1162 1139 accepta
1193 1077 1342 1137 classe,
1377 1081 1590 1124 scrutandi
1619 1079 1738 1122 illius

328 1145 447 1187 orbis
472 1145 611 1198 gratia
634 1143 968 1197 circumeatis,
999 1146 1212 1201 prodidit,
1243 1159 1268 1186 a
1287 1154 1434 1188 monte
1463 1156 1518 1186 eo
1541 1143 1595 1186 ad
1617 1155 1743 1185 occa-

331 1208 423 1250 sum
447 1207 594 1248 versus
620 1204 750 1247 saltus
782 1207 934 1261 plenos
955 1206 1086 1263 feris,
1122 1219 1227 1264 quas
1260 1217 1439 1264 generat
1467 1207 1638 1250 Africa:
1689 1203 1745 1245 ad

328 1271 495 1375 flames}
511 1269 689 1311 Anatim
705 1279 1006 1312 ccccnxxxv.
1028 1280 1079 1312 Μ.
1098 1270 1194 1326 paffi
1219 1272 1268 1314 ab
1280 1283 1334 1314 eo
1354 1271 1406 1313 ad
1426 1269 1609 1327 Lixum,
1631 1278 1741 1310 'ccv-
1771 1308 1774 1311 ,

316 1348 381 1375 Μ.
401 1347 454 1389 pa
491 1363 501 1375 .

684 1434 808 1482 EX
865 1408 1247 1485 CAPITE
1301 1434 1403 1486 JV.

450 1520 629 1567 Tertius
652 1523 762 1566 finus
793 1525 999 1568 diuiditur
1027 1526 1070 1567 in
1099 1527 1321 1581 geminos,
1353 1525 1530 1567 duarum
1556 1516 1750 1579 Syrtium'

333 1588 492 1630 vadoso
513 1601 561 1628 ac
582 1589 803 1642 reciproco
824 1585 928 1629 mari
948 1589 1080 1631 diros.
1116 1590 1168 1631 ad
1187 1589 1446 1644 proximam,
1479 1600 1586 1643 quae
1607 1585 1750 1627 minor

336 1651 396 1692 est
410 1685 421 1698 ,
455 1665 478 1691 a
496 1650 782 1706 Carthagine,
807 1662 901 1693 ccc.
915 1662 964 1692 Μ.
980 1651 1079 1706 pass.
1100 1650 1307 1712 Polybius
1329 1651 1471 1699 tradit.
1505 1649 1622 1706 ipsae
1641 1662 1680 1690 ε.
1694 1661 1747 1689 Μ.

333 1712 429 1770 pais.
454 1713 583 1755 aditu.
622 1727 715 1754 ccc.-
737 1723 788 1754 Μὸ
810 1714 983 1755 ambitu.

555 1816 655 1862 EX
680 1816 896 1862 LIBRO
933 1815 1010 1864 VI.
1048 1814 1307 1863 CAPITE
1335 1815 1533 1864 XXXI.

322 1962 325 1965 Ι
454 1901 662 1961 Polybius
683 1905 725 1946 in
746 1912 935 1947 extrema
955 1902 1217 1947 Mauretania
1239 1908 1388 1948 contra
1399 1910 1591 1947 montem
1601 1899 1753 1948 Atlan-

338 1975 428 2010 tem
448 1979 472 2008 a
494 1976 606 2009 terra
629 1968 758 2012 stadia
779 1982 892 2011 vui.
915 1968 1048 2010 abesse
1069 1967 1258 2025 prodidit
1278 1968 1457 2011 Cernen.

488 2102 492 2106 -
560 2070 660 2116 EX
694 2071 912 2117 LIBRO
956 2071 1111 2120 VIII.
1169 2071 1436 2118 CAPITE
1473 2074 1532 2117 X.

460 2155 714 2214 Magnitudo
745 2159 936 2201 dentium
967 2160 1046 2213 (de
1069 2155 1305 2214 elephantis
1336 2157 1551 2215 loquitur)
1582 2157 1751 2200 videtur

344 2219 514 2281 quidem
533 2223 576 2263 in
598 2219 771 2275 templis
798 2223 1048 2277 praecipua3
1085 2223 1153 2264 sed
1174 2232 1315 2264 tamen
1338 2222 1382 2263 in
1410 2222 1616 2265 extremis
1635 2220 1755 2264 Afri..

344 2300 442 2338 cae,
479 2295 557 2341 qua
587 2284 769 2325 confinis
790 2285 1045 2339 Aethiopiae
1075 2285 1156 2340 est,
1190 2285 1371 2340 postium
1391 2284 1529 2327 vicem
1550 2284 1595 2326 in
1615 2283 1755 2325 domi·
1776 2292 1780 2295 ⁴

345 2350 459 2390 ciliis
482 2348 706 2404 praebere,
743 2348 949 2402 sepesque
972 2348 1015 2388 in
1046 2348 1123 2402 iis,
1166 2357 1211 2390 et
1243 2357 1449 2403 pecorum
1477 2346 1649 2396 stabulis
1701 2357 1779 2399 ω’·

346 2413 455 2468 palis
479 2412 802 2466 elephantorum
824 2410 1023 2452 dentibus
1046 2411 1164 2468 fieri,
1196 2411 1403 2468 Polybius
1419 2411 1573 2466 tradit,
1607 2422 1661 2456 au
1705 2423 1754 2451 o·-

346 2489 392 2516 re
406 2473 579 2518 Gulufl‘a
595 2473 762 2526 regulo.
1667 2480 1673 2487 ’

662 2577 785 2621 EX
841 2576 1220 2647 CAPJTE
1274 2577 1433 2639 XVI.

464 2674 674 2730 Polybius
695 2673 924 2715 Aemiliani
947 2687 1089 2715 comes
1120 2675 1163 2717 in
1186 2674 1355 2718 senesta
1371 2675 1587 2718 hominem
1608 2674 1753 2730 appeti

349 2750 372 2777 a
394 2736 590 2783 leonibus
619 2736 774 2790 refert,
819 2741 1019 2791 quoniam
1052 2738 1102 2777 ad
1136 2739 1450 2794 persequendas
1490 2737 1600 2779 feras
1638 2738 1786 2779 vires

348 2811 434 2840 non
458 2801 667 2855 superant.
703 2808 804 2841 tunc
827 2798 1015 2841 obfidere
1025 2799 1199 2844 Africae
1213 2802 1359 2846 vrbes:
1394 2813 1526 2857 eaque
1546 2800 1599 2842 de
1619 2797 1778 2842 caussa?

1609 2863 1770 2906 eruci·-⁴
