1786 3126
296 85 401 133 Δεεμ
736 67 1018 118 van-esu
1072 67 1306 120 noma:
1340 123 1345 132 ,

320 192 392 250 qui
410 188 528 249 effent
544 189 842 247 {vulneratorum
860 184 1084 245 neceffarii,
1115 192 1160 234 vt
1177 202 1253 230 nos
1271 188 1422 243 ignari
1437 187 1738 246 pulcherrimo·

321 268 416 297 rum
435 254 706 312 institutorum
739 257 813 293 aut
845 252 1097 307 negligentes
1115 253 1257 307 potius
1278 251 1341 296 M.
1363 251 1598 306 Lucullum,
1627 261 1666 296 et
1685 254 1734 298 L.

323 317 570 370 Murenam,
601 321 640 358 et
658 320 811 356 ceteros
830 312 1156 373 coniunffiffimos
1177 313 1236 356 ad
1252 313 1302 358 L.
1314 313 1528 359 Lucullum
1549 317 1739 373 mistmuS.

323 380 446 424 Idem
468 381 512 421 in
532 378 647 435 epist.
669 391 729 426 30·
775 376 950 426 Sicnnde
964 382 1084 433 potes
1104 391 1223 420 erues
1237 410 1249 432 ,
1282 378 1352 433 qui
1384 391 1429 421 x,
1450 378 1579 434 legati
1597 380 1737 423 Mum-

352 439 383 452 ’“
415 442 618 499 suerunt,
648 439 849 495 Polybius
879 454 958 482 mm
987 441 1181 484 nominat.
1238 438 1334 495 Ego
1359 443 1522 485 memini
1537 440 1737 488 Albinum

326 505 596 563 consularem,
615 509 653 545 et
671 502 744 559 Sp.
768 504 1023 550 Mummium.

431 578 524 619 148.
546 581 594 611 ιι,
629 564 898 611 Ἐνετείλαντο
930 569 969 610 δὲ
1000 564 1056 624 τῷ
1084 565 1316 624 Πολυβίῳ.)
1378 566 1610 625 Polybium
1635 581 1736 612 cum

329 631 532 687 Scipione
548 629 753 672 Africano
775 630 827 672 ad
847 629 1153 684 Carthaginem
1175 628 1296 671 fuisse
1320 631 1510 689 constat,
1542 631 1737 675 excidio-

326 708 415 751 que
437 694 548 736 vrbis
570 691 825 747 interfuisse,
846 700 893 734 vt
914 693 1118 735 testantur
1130 694 1352 749 Appianus
1371 694 1415 735 in
1427 692 1609 750 Libyco,
1631 695 1738 737 Am-

330 758 500 800 mianus
513 756 787 798 Marcellinus
807 756 877 797 lib.
897 769 960 806 24.
981 766 1025 798 et
1044 756 1218 798 Orosius
1234 757 1302 798 lib.
1324 768 1355 806 5.
1415 757 1568 801 Diruta
1587 757 1647 800 est
1663 771 1740 801 au·
1768 760 1770 762 ’

331 828 428 862 tem
452 819 666 874 Carthago
699 817 902 861 Cornelio
935 817 1120 861 Lentulo
1153 827 1198 861 et
1230 819 1276 863 L.
1298 819 1506 862 Mummio
1534 818 1642 864 Coss.
1665 834 1740 862 eo-
1772 865 1774 870 ,

332 883 517 938 demque
536 895 650 926 anno
671 882 721 924 ab
746 881 792 926 L.
816 882 1024 924 Mummio
1044 881 1276 924 Corinthus
1300 882 1440 925 excisa
1459 882 1554 938 est‚'
1571 891 1619 926 vt
1639 883 1741 925 scri·-

323 946 393 988 bit
421 945 616 990 Velleius
635 944 882 986 Paterculus
903 945 971 988 lib.
994 959 1028 987 1.
1087 944 1238 1002 Itaque
1256 959 1343 987 non
1365 946 1515 1001 video,
1546 946 1619 1002 qui
1644 945 1739 988 fieri

330 1007 480 1065 possit,
505 1015 553 1049 vt
572 1007 723 1048 eodem
746 1020 858 1048 anno
878 1021 927 1048 ac
949 1016 1142 1063 tempore
1163 1007 1368 1064 Polybius
1389 1009 1432 1051 in
1455 1009 1616 1052 Achaia
1633 1009 1741 1053 etin

338 1070 482 1113 Africa
503 1069 626 1112 fimul
647 1068 797 1124 fuerit,
817 1070 942 1112 vnico
962 1070 1185 1113 Strabonis
1208 1071 1308 1113 loco
1326 1071 1371 1112 id
1401 1071 1557 1114 confici
1585 1071 1742 1114 Casan-

269 1131 276 1133 *
332 1134 474 1176 bonus
497 1131 772 1177 existimauit.
806 1133 880 1186 qui
906 1132 962 1174 fic
987 1134 1113 1175 habet
1142 1135 1188 1176 in
1217 1133 1287 1177 lib.
1305 1143 1338 1180 8.
1398 1131 1596 1189 Πολύβιος
1623 1137 1666 1178 δὲ
1687 1130 1742 1178 τοὶ

335 1190 548 1250 συμβάντα
565 1195 656 1252 περὶ
677 1211 748 1250 την
768 1190 913 1238 ἅλωσιν
934 1200 976 1239 ἐν
995 1196 1102 1240 οίκτε
1125 1197 1232 1253 μέρει
1260 1199 1410 1251 λέγων,
1441 1196 1651 1254 προςίθησι
1671 1213 1743 1254 amq

335 1255 408 1316 τήν
424 1255 672 1315 ςρατιωτικήν
692 1257 893 1316 ὀλιγωρίαν
916 1255 989 1315 τήν
1007 1260 1098 1315 περι
1117 1277 1168 1302 τοι
1186 1276 1264 1303 των
1291 1276 1448 1316 τεχνην
1477 1259 1587 1317 ἔργα.
1639 1260 1743 1315 Φησὶ

335 1339 428 1376 γαρ,
448 1317 536 1365 ἰδθιν
555 1338 688 1378 παρων
710 1321 936 1377 ἐρριμμένες
957 1321 1123 1371 πίνακας
1148 1326 1202 1365 ἐπ’
1203 1318 1395 1376 'eodm-807,
1425 1318 1686 1371 πεττεύοντας
1703 1324 1745 1366 δὲ

335 1381 405 1433 nic
423 1379 635 1441 ςρατιιότοις
657 1384 725 1426 ἐπὶ
744 1379 882 1426 fairwu.
943 1383 1027 1426 Sed
1051 1398 1106 1426 ex
1126 1385 1194 1426 his
1215 1385 1357 1427 verbis
1386 1397 1502 1440 nego
1533 1385 1577 1426 id
1596 1386 1744 1427 conse-

338 1448 434 1503 qui,
465 1445 692 1501 Polybium
713 1448 1027 1502 expugnationi
1058 1446 1313 1502 interfuisse,
1355 1447 1427 1490 sed
1462 1455 1625 1490 tantum
1654 1448 1745 1504 post

337 1510 703 1563 expugnationem
747 1508 1046 1562 superuenisse.
1119 1509 1271 1566 Neque
1291 1511 1401 1552 enim
1441 1510 1645 1553 credibile
1684 1510 1744 1553 est

337 1572 498 1614 milites
520 1570 739 1612 Romanos
770 1571 881 1612 inter
905 1573 1018 1614 vrbis
1049 1581 1196 1628 captae
1228 1575 1438 1616 excidium
1477 1573 1570 1615 alea
1592 1572 1744 1628 lufiffe,

337 1648 422 1690 quo
448 1643 638 1689 tempore
677 1632 873 1675 militaris
913 1635 1133 1689 disciplina
1167 1635 1326 1677 arctius
1365 1636 1566 1678 custodiri
1604 1636 1743 1678 debet.

338 1697 506 1740 Deinde
526 1696 620 1750 quis
641 1696 796 1749 credat,
821 1696 1048 1753 Polybium
1069 1711 1119 1738 ea
1141 1698 1346 1753 sapientia
1366 1698 1585 1740 hominem
1609 1712 1741 1753 eaque

339 1761 384 1802 in
415 1759 596 1815 patriam
624 1759 827 1813 caritate,
877 1758 1156 1814 speftatorem
1185 1762 1519 1817 expugnationis
1553 1758 1634 1802 esse
1663 1774 1743 1802 vo-

337 1821 471 1867 luiffe.
503 1822 632 1864 stabat
655 1822 769 1863 enim
787 1835 810 1862 a
833 1823 1023 1877 partibus
1052 1824 1203 1878 populi
1231 1824 1426 1868 Romani.
1492 1821 1652 1867 Verius
1682 1823 1742 1866 est

338 1885 497 1940 igitur,
519 1886 632 1939 quod
654 1884 763 1937 dixi,
784 1884 1009 1940 Polybium
1033 1886 1194 1929 scilicet
1213 1886 1304 1942 post
1315 1886 1508 1929 Corinthi
1526 1887 1744 1929 excidium

339 1947 536 1990 celeriter
567 1960 621 1987 ex
642 1946 789 1989 Africa
809 1947 1046 2002 aduolafi'e‚
1081 1958 1128 1990 vt
1151 1963 1278 2004 opem
1298 1950 1482 2004 aliquam
1501 1949 1643 1991 ruenti
1665 1962 1740 2004 pa·-

340 2010 446 2052 triae
467 2008 648 2052 afferret.
705 2009 861 2051 Audeo
885 2011 996 2053 enim
1017 2012 1070 2052 de
1092 2011 1260 2068 Polybii
1292 2011 1544 2054 auctoritate
1562 2011 1607 2052 id
1627 2010 1742 2053 affir-

342 2086 481 2126 mare,
512 2071 543 2114 fi
562 2080 660 2112 ante
679 2075 1042 2126 expugnationem
1061 2073 1277 2129 adfuisset,
1310 2088 1398 2116 non
1426 2074 1470 2115 in
1489 2083 1649 2116 tantam
1670 2080 1742 2116 ca-

341 2135 575 2178 lamitatem
595 2133 848 2176 Corinthum
871 2146 1090 2179 venturam
1108 2135 1241 2180 fuiss'e.
1297 2137 1482 2179 Accedit
1504 2145 1547 2178 et
1565 2136 1739 2179 Orofiua

322 2197 413 2243 .„1ib.
437 2210 469 2247 ς.
495 2198 566 2252 qui
592 2197 746 2238 diserte
777 2197 918 2240 scribit
945 2213 997 2240 ex
1018 2201 1068 2244 T.
1089 2198 1242 2253 Liuio,
1273 2207 1319 2241 vt
1345 2199 1478 2254 solet,
1510 2199 1740 2255 Polybium

333 2268 435 2303 'tum
453 2260 506 2300 ad
525 2258 823 2314 Carthaginem
844 2260 986 2315 suiffe,
1014 2275 1110 2303 cum
1134 2261 1293 2303 Diaeus
1322 2272 1345 2303 a
1372 2262 1550 2305 Metello
1576 2262 1636 2318 est
1665 2263 1739 2304 de·-

342 2321 497 2371 uiCbuS.
542 2321 627 2365 ‘Est
647 2331 690 2363 et
711 2322 818 2364 alius
846 2337 966 2365 error
992 2326 1036 2365 in
1067 2323 1350 2380 chronologia
1375 2324 1630 2380 casauboni,
1663 2325 1756 2380 qui,
1783 2381 1786 2384 Α

342 2385 538 2428 Corinthi
558 2385 770 2426 excidium
791 2385 958 2428 confert
975 2387 1020 2427 in
1043 2386 1304 2429 consulatum
1323 2388 1374 2439 Q.
1392 2387 1508 2430 Fabii
1529 2398 1573 2430 et
1594 2387 1736 2430 Hosti-

342 2449 390 2490 lii
420 2447 616 2492 Mancini.
659 2460 766 2503 quae
794 2448 1001 2489 sententia
1030 2450 1135 2491 licet
1163 2449 1300 2492 Plinio
1328 2448 1502 2493 au&ore
1529 2450 1735 2504 firmetur,

341 2511 479 2566 magis
501 2518 643 2554 tamen
662 2509 802 2565 placet
827 2508 986 2554 Velleii
1009 2520 1051 2553 et
1072 2511 1210 2553 Orosii
1231 2513 1402 2568 opinio,
1425 2513 1478 2554 ob
1500 2513 1736 2556 mirabilem

342 2574 591 2616 concursum
619 2573 775 2615 excidii
803 2572 978 2616 duarum
1010 2566 1289 2617 maximarum
1319 2576 1494 2619 vrbium.
1551 2575 1736 2618 Accedit
1779 2623 1782 2626 ‚

342 2638 455 2690 quod
478 2645 522 2678 et
545 2636 706 2689 Plinius
729 2635 837 2677 hanc
862 2636 1042 2678 nostram
1063 2637 1313 2679 sententiam
1341 2646 1500 2696 tuetur.
1532 2651 1629 2680 nam
1651 2636 1736 2680 Co·
1771 2635 1786 2669 ’ἕ

341 2699 529 2741 rinthum
551 2700 607 2741 ait
629 2707 793 2755 captam
813 2697 893 2739 effe
915 2700 1025 2741 vrbis
1044 2713 1156 2742 anno
1179 2707 1262 2749 608.
1294 2701 1338 2743 in
1361 2714 1484 2757 quem
1501 2700 1658 2744 annum
1679 2714 1734 2743 ex

1577 2764 1733 2820 suppu—
1765 2780 1771 2790 1
