1786 3126
1412 113 1490 157 39¹

90 213 349 266 vberi-imis
366 216 615 280 epitomen
631 211 761 264 suam
781 210 963 266 Cineas
991 209 1235 272 confecit,
1273 211 1374 278 ipso
1403 213 1492 266 Ci-

90 299 186 335 nea
211 280 524 335 vetustiorem
550 282 738 348 aliquot
766 279 927 332 saltem
955 285 1095 331 annis
1125 278 1288 338 fuisse,
1325 298 1489 343 nemo,

91 356 300 418 opinor,
334 354 608 418 negauerit‚
643 362 699 402 vt
734 366 840 400 non
879 349 962 399 abs
1005 366 1057 399 re
1092 346 1234 415 poffit
1269 349 1489 413 dubitari,

90 418 213 471 sitne
234 419 316 470 hic
346 420 426 470 ille
449 418 642 470 Aeneas
673 418 1026 486 Stymphalius,
1060 417 1306 467 Arcadum
1338 421 1489 481 impe-

90 500 251 549 rator,
286 493 394 556 qui,
428 487 546 538 licut
572 485 767 538 testatur
786 487 1072 553 Xenophon
1091 491 1143 537 in
1166 485 1369 552 septimo
1391 487 1489 538 Ἑλ-

91 562 291 620 ληνικῶν,
326 562 453 607 circa
469 569 689 622 tempora
717 573 905 622 pugnae
939 556 998 606 ad
1031 558 1355 615 Mantineam,
1394 556 1490 605 hoc

90 621 186 687 est,
219 642 351 677 anno
362 625 668 693 Olympiadis
690 644 715 672 x
730 644 744 671 1
758 645 800 674 v.
824 624 1040 686 vinebat,
1061 637 1110 674 et
1133 641 1209 674 res
1224 623 1489 682 Arcadum,

87 711 196 744 non
227 693 326 745 sine
358 694 493 745 laude
526 693 826 745 fortitudinis
856 704 905 743 et
933 692 1242 760 prudentiae,
1284 693 1487 742 admini-

86 761 272 814 strabat.
342 763 526 813 ldioma
553 762 660 813 fane
688 759 1178 825 Peloponnefiorum,
1230 778 1286 811 ac
1327 767 1490 812 nonii-

87 836 241 882 natim
274 829 550 894 Arcadum,
598 832 751 899 probe
789 828 874 881 fibi
906 842 1081 883 notum
1114 829 1274 884 fuisse.
1333 834 1487 891 capite

88 918 274 950 xxvii.
298 899 357 951 de
379 917 504 951 voce
534 898 711 952 noiveov
735 916 910 967 agens,
946 896 1165 950 ostendit.
1234 898 1489 963 Equidem,

86 980 145 1019 vt
163 984 252 1035 pro
271 985 392 1020 vero
408 967 642 1020 affirmare
668 969 767 1019 hoc
793 985 897 1018 non
919 966 1063 1018 aulim
1077 1006 1092 1030 ,
1122 973 1188 1018 ita
1209 966 1267 1016 de
1291 984 1356 1017 eo
1378 968 1487 1017 nul-

85 1036 161 1087 lus
179 1036 371 1103 dubito,
405 1037 625 1089 Aeneam
647 1036 890 1099 nostrum,
925 1048 1005 1087 aut
1025 1036 1268 1102 aequalem
1290 1036 1486 1085 illorum

84 1115 359 1172 temporum
384 1104 519 1157 fuiffe
534 1145 548 1168 ,
582 1118 664 1156 aut
684 1123 789 1155 non
813 1107 968 1170 longo
990 1116 1119 1154 certe
1150 1104 1405 1154 interuallo
1427 1104 1486 1154 ab

82 1173 178 1224 illis
199 1172 407 1225 abfuifl'e.
477 1175 793 1240 Argumento
811 1171 867 1222 sit
889 1177 1033 1222 etiam
1054 1172 1194 1232 illud,
1230 1174 1358 1237 quod
1384 1188 1485 1222 ma-

83 1243 253 1302 chinas
285 1242 605 1294 obsidionales
635 1257 1053 1302 commemorans,
1087 1257 1208 1306 quae
1244 1238 1486 1290 Aristote-

81 1310 144 1363 lis
166 1321 346 1373 aetate,
366 1320 422 1360 vt
442 1309 536 1376 ipse
557 1310 742 1372 scribit,
777 1309 1077 1375 frequentius
1108 1309 1267 1375 paullo
1292 1307 1485 1371 vfurpa-

83 1383 130 1430 ti
152 1379 401 1430 aGraecis
431 1378 713 1430 hominibus
742 1378 1061 1444 incipiebant,
1095 1381 1255 1427 arietis
1286 1378 1484 1442 quidem

84 1457 137 1498 et
155 1446 379 1514 οἱνηκςιέ,
410 1463 506 1497 nec
526 1465 631 1498 non
650 1447 912 1514 catapultae
934 1459 984 1496 et
1013 1443 1289 1503 testudiniS,
1318 1444 1484 1496 saltem

81 1515 256 1566 leuiter
297 1520 545 1577 meminit3
604 1516 886 1582 helepoleos
934 1531 1057 1565 vero
1098 1525 1147 1563 et
1194 1513 1484 1577 πετροβῖλων

80 1599 466 1650 manganorum,
499 1601 556 1635 ac
574 1581 823 1648 similium,
856 1599 978 1650 quae
1010 1580 1244 1650 posterius
1274 1581 1382 1631 sunt
1408 1587 1484 1631 in-

79 1662 252 1714 uenta,
286 1653 464 1703 nullam
496 1652 614 1704 facit
641 1657 957 1705 mentionem.
1023 1652 1123 1701 lam
1155 1668 1301 1718 quum
1332 1650 1480 1700 soleat

78 1719 251 1772 auctor
271 1719 357 1772 iste
377 1733 628 1788 praecepta
648 1721 750 1782 sua,
778 1722 966 1772 illarum
980 1737 1168 1780 rerum,
1196 1736 1315 1785 quae
1337 1732 1479 1770 antea

75 1786 413 1856 contigissent,
446 1792 679 1857 exemplis
706 1789 960 1840 illustraret
994 1806 1100 1840 non
1122 1800 1304 1838 temere
1326 1788 1477 1838 vllum

76 1868 190 1909 toto
206 1857 331 1909 libro
351 1857 535 1924 gestum
558 1865 792 1925 reperiaS,
826 1858 958 1924 quod
979 1857 1166 1908 decima
1194 1857 1328 1923 supra
1359 1873 1477 1907 cen-

74 1924 290 1978 tesimam
322 1925 616 1995 Olympiade
651 1944 758 1978 non
789 1924 845 1977 fit
881 1932 1011 1993 prius
1042 1936 1184 1992 atque
1218 1929 1476 1990 antiquiuS.

77 1995 329 2064 Quoniam
356 2007 517 2047 autem
549 1996 751 2047 Aeneae
783 2012 969 2046 nomen
1003 2012 1111 2046 non
1145 1994 1292 2045 hodie
1329 2005 1474 2058 atque

76 2063 211 2127 heri,
240 2075 297 2118 vt
312 2067 457 2117 initio
475 2064 775 2128 dicebamuS,
809 2063 887 2116 sed
915 2063 979 2115 ab
999 2064 1185 2130 aliquot
1212 2074 1345 2113 retro
1374 2061 1475 2111 fae-

79 2131 202 2182 culis
219 2133 372 2198 vulgo
398 2134 736 2201 ignorabatur3
771 2132 1012 2194 librarius,
1048 2136 1130 2198 qui
1159 2137 1345 2198 regium
1381 2147 1470 2179 co-

78 2198 238 2251 dicem
269 2199 531 2269 descripfit,
565 2200 662 2253 siue
692 2207 853 2270 potius
883 2201 1058 2253 Critici
1086 2201 1183 2261 illi,
1213 2204 1296 2265 qui
1328 2210 1468 2247 vetu-

75 2265 222 2318 stiora
238 2273 375 2334 regio
394 2271 680 2337 exemplaria
715 2269 1080 2330 recensuerant,
1115 2269 1307 2318 titulum
1342 2266 1468 2316 libro

75 2339 334 2402 ancipitem
362 2337 771 2406 praescripserant,
817 2346 1117 2392 AINEIOT
1163 2347 1206 2388 Η
1247 2344 1465 2387 ΑΙΛΙΛ-

75 2413 240 2460 NOT-
305 2404 410 2455 Nos
437 2403 535 2459 fine
564 2407 871 2458 constatione
894 2422 1070 2457 vocem
1090 2409 1214 2455 vitio
1232 2402 1465 2453 adiectam

73 2469 350 2523 sustulimus.
384 2474 508 2523 Nam
527 2491 702 2526 verum
714 2490 1094 2547 germanumque
1115 2473 1316 2521 Aeneae
1338 2486 1465 2537 opus

0 2593 4 2599 ,
73 2542 174 2591 hoc
191 2538 283 2604 effe
297 2578 312 2603 ,
347 2557 450 2590 non
471 2542 690 2606 Aeliani,
723 2557 852 2595 certa
872 2554 1012 2609 atque
1034 2541 1296 2591 indubitata
1317 2543 1461 2589 etiam

73 2606 267 2676 Polybii
307 2609 586 2660 auctoritate
661 2611 871 2671 offumns
906 2609 1208 2662 confirmare.
1287 2607 1460 2658 Scribit

73 2675 306 2745 Polybius
327 2676 450 2738 libro
473 2697 511 2728 x.
537 2678 595 2729 de
635 2686 759 2748 ignis
780 2679 1033 2742 differens,
1065 2693 1149 2746 per
1169 2675 1365 2728 subiatas
1388 2674 1458 2727 fa-

842 2750 879 2797 B
895 2748 922 2797 b
955 2765 983 2806 4
1372 2753 1461 2796 'ces
